2018 3400
519 220 839 263 PYRAMUs
888 221 974 261 ET
1022 219 1272 262 THISBE
1645 208 1746 261 117

66 374 228 418 Jstera
283 373 581 414 nocturnos
635 381 832 414 aurora
885 371 1193 413 removerat
1247 364 1398 428 ignes

63 461 216 528 alque
269 459 559 525 pruinosas
613 458 776 507 radiis
829 457 1129 507 siccaverat
1181 456 1395 515 herbas,

67 555 99 606 d
145 553 366 605 solitum
423 553 603 602 coiere
658 552 858 602 locum.
956 535 1116 611 Tum,
1173 568 1451 600 murmure
1506 568 1675 616 parvo

60 647 183 698 Julta
235 647 383 714 prius
438 646 631 712 questi,
687 653 950 704 statuunt,
1007 653 1065 694 ut
1118 653 1279 694 nocte
1334 643 1512 693 silenti
1794 668 1845 707 30

57 739 214 791 allere
267 741 525 790 custodes
580 739 900 805 foribusque
955 739 1226 788 excedere
1279 746 1567 804 temptent,

57 851 256 901 umque
323 835 492 884 domo
557 833 806 892 exierint,
874 831 1022 882 urbis
1086 849 1310 898 quoque
1377 840 1522 882 tecta
1588 833 1747 882 relin-

62 969 81 995 ,
148 936 343 995 quant3

61 1039 155 1073 eve
203 1022 270 1072 sit
322 1023 613 1072 errandum
670 1022 779 1072 lato
835 1020 1200 1087 spatiantibus
1257 1037 1402 1077 arvo,

0 1163 18 1176 ,Δ
54 1117 346 1167 onveniant
399 1117 466 1166 ad
522 1117 681 1166 busta
733 1116 877 1171 Nini,
935 1115 1250 1180 lateantque
1306 1114 1408 1163 sub
1463 1115 1658 1165 umbra

47 1210 246 1260 sboris.
325 1209 513 1260 Arbor
567 1211 654 1269 ibi,
708 1211 877 1259 niveis
933 1209 1208 1259 uberrima
1261 1211 1442 1275 pomis
1793 1225 1842 1266 35

45 1304 193 1354 trdua
246 1321 448 1364 morus,
504 1313 633 1363 erat,
690 1305 872 1370 gelido
929 1303 1272 1353 contermina
1326 1302 1478 1353 fonti.

77 1486 236 1538 Pacta
289 1488 522 1554 placent.
622 1489 694 1539 Et
745 1488 856 1547 lux,
911 1490 1063 1539 tarde
1118 1488 1402 1539 discedere
1454 1489 1585 1548 visa,

46 1581 393 1647 raecipitatur
446 1583 617 1648 aquiS‚
672 1591 725 1633 et
778 1583 933 1649 aquis
988 1600 1102 1632 nox
1159 1583 1274 1632 exit
1328 1583 1395 1632 ab
1452 1583 1640 1632 isdem.

52 1673 210 1724 allida
263 1693 361 1741 per
411 1676 666 1726 tenebras
719 1685 934 1726 versato
989 1676 1211 1726 cardine
1265 1676 1472 1726 Thisbe

54 1768 294 1833 greditur
347 1769 591 1836 fallitque
639 1788 784 1828 suos,
842 1771 1220 1837 adopertaque
1274 1771 1486 1820 vultum
1790 1789 1841 1825 40

44 1862 249 1912 ervenit
301 1863 368 1912 ad
421 1864 711 1923 tumulum,
768 1865 1024 1931 dictaque
1079 1865 1180 1914 sub
1237 1865 1430 1914 arbore
1486 1866 1639 1916 sedit.

1 1986 6 2002 2
59 1955 286 2005 udacem
341 1956 577 2007 faciebat
630 1975 799 2008 amor.
904 1958 1069 2008 Venit
1121 1976 1250 2008 ecce
1306 1960 1510 2010 recenti

31 2047 182 2098 laede
236 2050 426 2125 leae-na
478 2051 648 2101 boum
702 2061 1022 2118 spumantes
1080 2046 1249 2103 bblita
1304 2054 1485 2113 rictus,

27 2321 182 2388 2uam
235 2326 427 2391 procul
480 2328 548 2376 ad
602 2327 763 2377 lunae
819 2330 999 2379 radios
1030 2331 1335 2396 Babylonia
1362 2330 1567 2381 Thisbe
1785 2340 1837 2382 45

57 2804 110 2838 re
161 2800 445 2843 cruentato
499 2803 692 2846 tenues
747 2797 970 2848 laniavit
1023 2799 1270 2849 amictus.
1787 2809 1834 2849 50
