1928 3437
271 208 340 261 52
868 225 917 267 P.
963 225 1245 268 ovinius
1292 226 1468 269 NASO

779 504 824 546 2.
885 502 1172 544 TEMPUS
1208 502 1311 544 ET
1349 502 1530 548 USUS.

266 651 501 702 Ferreus
542 652 775 702 adsiduo
817 652 1161 702 consumitur
1201 652 1395 702 anulus
1437 670 1556 714 usu,

339 744 530 795 Interit
570 746 802 795 adsidua
840 762 1033 795 vomer
1072 746 1319 795 aduncus
1361 745 1549 797 humo.

266 837 414 903 Quid
458 839 632 905 magis
674 847 755 889 est
795 856 931 890 saxo
974 840 1190 899 durum,
1233 839 1365 906 quid
1409 840 1626 891 mollius
1667 841 1849 892 unda?
1926 821 1928 844 ἔ

336 931 491 982 Dura
530 939 715 982 tamen
758 932 908 982 molli
949 950 1086 982 saxa
1126 941 1390 984 cavantur
1429 950 1587 1001 aqua.

966 1196 1012 1238 3.
1072 1195 1308 1240 ARJON.

260 1341 429 1409 Quod
473 1360 622 1394 mare
664 1360 773 1394 non
815 1343 982 1402 novit,
1025 1360 1167 1410 quae
1209 1343 1385 1394 nescit
1423 1341 1639 1394 Ariona
1676 1343 1874 1396 tellus?

334 1436 590 1487 Carmine
633 1445 910 1486 currentes
954 1436 1040 1486 illc
1081 1436 1306 1487 tenebat
1346 1454 1531 1504 aquas.

258 1529 438 1597 Saepe
479 1548 716 1597 sequens
760 1547 960 1596 agnam
1002 1530 1164 1598 lupus
1206 1539 1288 1581 cst
1327 1548 1358 1580 a
1397 1549 1532 1581 voce
1575 1540 1834 1593 retentus,

329 1624 509 1693 Saepe
539 1625 762 1675 avidum
801 1624 1014 1691 fugiens
1056 1624 1251 1676 restitit
1290 1642 1432 1692 agna
1472 1626 1681 1694 lupum.

188 1820 210 1864 5
256 1805 436 1873 Saepe
478 1823 640 1856 canes
682 1806 1012 1874 leporesque
1053 1805 1249 1856 umbra
1289 1806 1530 1856 cubuere
1569 1805 1673 1856 sub
1714 1822 1836 1866 una,

328 1902 400 1953 Et
439 1903 588 1953 stetit
628 1902 680 1952 in
721 1920 858 1952 saxo
901 1902 1159 1969 proxima
1199 1920 1359 1952 cerva
1400 1902 1543 1963 leae;

253 1995 326 2048 Et
364 1998 481 2048 sine
522 1998 613 2049 lite
655 1998 863 2065 loquax
904 2016 1029 2048 cum
1074 1998 1306 2048 Palladis
1337 1997 1461 2047 alite
1502 1996 1695 2046 cornix

326 2091 496 2153 Sedit,
539 2101 593 2144 ct
632 2093 876 2160 accipitri
921 2093 1105 2143 iuncta
1145 2092 1404 2142 columba
1446 2090 1556 2142 fuit.

252 2185 492 2252 Cynthia
532 2204 697 2254 saepe
738 2187 844 2237 tuis
888 2186 1070 2245 fertur,
1112 2186 1318 2236 vocalis
1358 2184 1554 2245 Arion,

158 2303 205 2330 10
321 2281 632 2348 Tamquam
675 2280 924 2331 fraternis
965 2280 1299 2347 obstipuisse
1340 2279 1535 2330 modis

249 2459 468 2509 Nomen
512 2459 806 2508 Arionium
850 2457 1061 2508 Siculas
1106 2456 1429 2523 impleverat
1470 2454 1650 2512 urbCS,

323 2552 608 2619 Captaque
650 2560 765 2602 erat
805 2551 987 2616 lyricis
1028 2550 1273 2600 Ausonis
1314 2565 1410 2599 ora
1449 2548 1612 2598 sonis,

251 2645 387 2696 Inde
429 2647 656 2695 domum
702 2653 954 2711 repetens
995 2660 1243 2711 puppem
1285 2641 1608 2692 conscendit
1647 2638 1834 2700 Arion,

321 2740 512 2807 Atque
555 2742 627 2791 ita
668 2740 945 2808 quaesitas
987 2746 1099 2789 arte
1130 2736 1340 2788 ferebat
1379 2752 1531 2802 opes,

157 2934 200 2976 15
249 2917 516 2977 Forsitan,
560 2916 765 2976 infelix,
800 2923 994 2967 ventos
1036 2915 1321 2980 undasque
1361 2909 1622 2970 timebas;

319 3011 398 3062 At
437 3011 533 3062 tibi
577 3029 712 3061 nave
753 3019 847 3061 tua
885 3010 1053 3061 tutius
1095 3024 1303 3074 aequor
1343 3013 1471 3056 erat.

245 3105 502 3172 Namque
545 3106 880 3171 gubernator
920 3103 1181 3154 destricto
1223 3099 1467 3151 constitit
1507 3112 1635 3147 ense

320 3199 627 3267 Ceteraque
669 3207 878 3250 armata
918 3196 1143 3248 conscia
1173 3193 1336 3247 turba
1373 3208 1553 3244 manu.
