2018 3400
662 203 1092 246 PROSERPINA
1637 195 1737 242 1223

38 343 376 397 ¹'lammiferas
418 343 580 410 pinus
623 344 876 393 manibus
919 344 1205 394 succendit
1246 344 1313 393 ab
1356 343 1539 395 Aetna

37 443 211 507 'erque
251 437 541 505 pruinosas
582 437 705 487 tulit
746 438 1049 503 inrequieta
1088 437 1359 489 tenebras.

0 527 212 585 l{ursus
253 531 344 581 ubi
386 530 529 580 alma
571 531 687 580 dics
730 530 1016 580 hebetarat
1054 531 1249 590 sidera,
1293 539 1475 581 natam

34 627 142 678 {olis
183 626 250 676 ab
292 642 491 675 occasu
535 625 664 674 solis
708 625 1010 692 quaerebat
1050 625 1118 675 ad
1161 632 1328 676 ortuS.
1788 651 1834 693 53

75 780 224 847 Quas
265 780 368 830 dea
408 797 508 847 per
546 788 717 830 terras
759 787 814 830 et
855 797 990 846 quas
1033 780 1290 830 erraverit
1331 781 1522 839 undas,

0 875 197 949 1¹)icere
239 874 404 940 longa
444 891 598 924 mora
639 882 736 924 est.
818 873 1122 939 Quaerenti
1165 873 1338 924 defuit
1378 875 1541 925 orbis,

29 968 272 1019 3icaniam
314 969 525 1034 repetit,
570 969 816 1034 dumque
857 968 1045 1017 omnia
1085 967 1277 1017 lustrat
1317 969 1516 1028 eundo,

27 1061 162 1112 lenit
199 1069 253 1112 et
291 1062 358 1112 ad
401 1061 645 1126 Cyanen.
727 1062 808 1112 Ea
849 1062 901 1112 ni
945 1070 1154 1112 mutata
1194 1061 1399 1121 fuisset,

26 1155 200 1207 >mnia
239 1164 524 1207 narrasset.
604 1156 714 1207 Sed
757 1164 812 1207 et
852 1174 913 1206 os
955 1164 1010 1206 et
1050 1156 1238 1221 lingua
1276 1155 1480 1205 volenti
1784 1165 1836 1204 60

24 1249 196 1299 Dicere
237 1266 346 1299 non
388 1251 631 1310 aderant,
676 1267 776 1300 nec
819 1268 930 1316 quo
973 1249 1309 1316 loqueretur,
1356 1249 1608 1301 habebatz

23 1341 166 1408 Signa
204 1350 387 1393 tamen
430 1343 719 1394 manifesta
759 1344 927 1403 dedit,
972 1351 1274 1408 notamque
1315 1342 1526 1408 parenti

21 1435 103 1486 Illo
144 1435 278 1487 sorte
319 1436 444 1486 loco
486 1436 770 1503 delapsam
816 1438 867 1487 in
910 1438 1127 1503 gurgite
1169 1453 1327 1486 sacro
1449 1419 1451 1422 ¹

46 1529 373 1596 ersephones
413 1547 610 1580 zonam
651 1532 880 1581 summis
924 1531 1164 1581 ostendit
1207 1531 1259 1579 in
1302 1530 1480 1580 undis.

59 1695 180 1728 uam
219 1678 380 1729 simul
422 1680 661 1745 agnovit,
705 1688 990 1746 tamquam
1033 1688 1163 1730 tunc
1207 1680 1447 1746 denique
1489 1686 1701 1746 raptam
1783 1700 1832 1752 65

46 1771 216 1831 cisset,
258 1772 537 1823 inornatos
579 1773 802 1824 laniavit
843 1774 967 1823 diva
1008 1774 1253 1840 capillos,

14 1956 188 2009 Nescit
227 1959 423 2019 adhuc,
467 1960 560 2010 ubi
602 1969 697 2021 sit;
748 1969 917 2012 terras
959 1969 1143 2012 tamen
1186 1963 1433 2027 increpat
1474 1977 1664 2010 omnes

13 2049 355 2119 ingratasque
396 2062 559 2104 vocat
599 2071 700 2104 nec
738 2054 959 2120 frugum
1003 2072 1228 2104 munere
1270 2056 1480 2120 dignas,

13 2142 334 2196 Trinacriam
377 2156 501 2196 ante
543 2148 692 2208 alias,
736 2149 789 2198 in
832 2167 941 2216 qua
982 2149 1212 2215 vestigia
1253 2149 1438 2198 damni
1782 2171 1831 2209 70

12 2235 278 2305 Repperit.
358 2240 508 2306 Ergo
550 2241 658 2291 illic
699 2259 862 2293 saeva
901 2244 1168 2293 vertentia
1211 2243 1433 2309 glaebas

11 2330 184 2397 Fregit
222 2343 398 2385 aratra
438 2352 619 2395 manu,
663 2337 933 2404 parilique
976 2339 1111 2388 irata
1153 2339 1381 2388 colonos

11 2422 396 2494 Ruricolasque
439 2429 608 2480 boves
650 2430 759 2481 leto
803 2433 970 2492 dedit,
1015 2450 1254 2499 arvaque
1297 2433 1450 2483 iussit

10 2515 208 2569 Fallere
249 2522 581 2588 depositum,
623 2525 923 2591 vitiataque
967 2527 1177 2577 semina
1217 2527 1359 2577 fecit.

11 2676 271 2733 Fertilitas
310 2691 483 2735 terrae
525 2686 696 2738 latum
738 2691 962 2757 vulgata
1004 2710 1102 2758 per
1142 2693 1332 2743 orbem
1782 2703 1831 2746 75

10 2769 161 2823 Falsa
200 2776 353 2829 iacet.
433 2780 624 2832 Primis
667 2792 883 2849 segetes
926 2787 1234 2836 moriuntur
1275 2787 1326 2835 in
1369 2786 1566 2844 herbis,

12 2861 79 2915 Et
115 2870 279 2920 modo
320 2872 402 2922 sol
444 2873 660 2935 nimius,
704 2878 902 2928 nimius
945 2880 1112 2928 modo
1155 2880 1379 2946 corripit
1420 2879 1621 2939 imber;

12 2954 302 3029 Sideraque
342 2967 601 3034 ventique
643 2979 862 3031 nocent,
904 2973 1208 3039 avidaeque
1248 2973 1497 3022 volucres

13 3047 224 3105 Semina
264 3058 405 3109 iacta
446 3060 665 3127 legunt;
717 3064 907 3114 lolium
950 3067 1246 3132 tribulique
1288 3066 1515 3131 fatigant

14 3140 263 3200 Triticeas
302 3169 507 3204 messes
548 3163 602 3206 et
642 3156 1076 3224 inexpugnabile
1118 3177 1358 3224 gramen.
1780 3173 1830 3211 80
