1966 3421
312 203 414 254 108
886 214 938 257 P.
992 212 1276 255 OVIDIUS
1324 210 1501 253 NASO

982 468 1021 509 7.
1080 466 1158 508 CA
1169 465 1375 507 DMUS.

312 581 538 638 Cadmus,
586 594 744 625 sorore
790 579 842 624 E
846 585 996 636 mapa
1041 578 1209 636 ubique
1232 576 1402 635 petila,
1453 574 1614 620 urbem
1663 573 1850 620 condere
1875 580 1924 636 p.

911 664 1074 711 Draco
1098 665 1280 709 comites
1305 667 1449 708 necat.

382 777 530 828 Orbe
569 783 861 842 pererrato,
895 774 1239 839 patriamque
1285 772 1531 837 iramque
1571 770 1811 837 parentis

307 870 458 920 Vitat
498 869 864 934 Agenorides,
908 867 1227 932 Phoebique
1270 864 1491 914 oracula
1528 864 1768 930 supplex

310 962 560 1012 Consulit
592 971 659 1021 et,
697 979 836 1028 quae
875 961 942 1010 sit
984 960 1143 1009 tellus
1183 959 1496 1017 habitanda,
1542 957 1783 1024 requirit.

1898 886 1914 905 J

310 1103 334 1120 ‘⁴
359 1097 465 1144 Bos
503 1095 648 1152 tibi,'’
683 1094 934 1143 Phoebus
974 1093 1060 1148 ait,
1101 1092 1280 1141 “solis
1320 1100 1571 1141 occurret
1609 1092 1660 1141 iu
1700 1091 1855 1151 arvis,

240 1198 259 1239 5
310 1189 531 1237 Nullum
575 1206 733 1253 passa
773 1188 978 1252 iugum,
1019 1186 1281 1251 curvique
1324 1186 1580 1235 immunis
1624 1185 1799 1235 aratri.

313 1282 432 1330 IIac
471 1283 608 1331 duce
651 1298 812 1347 carpe
847 1281 958 1329 vias
997 1289 1049 1330 et
1087 1297 1196 1345 qua
1228 1279 1556 1345 requieverit
1596 1278 1782 1338 herba,

310 1376 531 1425 Moenia
579 1374 658 1423 sac
694 1375 913 1433 condas,
956 1374 1295 1439 Boeotiaque
1333 1372 1420 1421 illa
1459 1371 1708 1422 vocato.”

305 1509 415 1558 Vix
457 1509 595 1557 bene
635 1508 873 1557 Castalio
914 1508 1155 1557 Cadmus
1191 1507 1553 1556 descenderat
1590 1513 1762 1566 antro,

307 1602 702 1651 Incustoditam
746 1601 888 1650 lente
926 1602 1073 1650 videt
1107 1602 1180 1649 ire
1220 1601 1507 1650 iuvencam

215 1706 259 1732 ¹0
307 1695 530 1744 Nullum
573 1695 772 1743 servitii
812 1695 1029 1759 signum
1069 1695 1279 1744 cervice
1315 1702 1611 1760 gerentem.

307 1789 669 1854 Subsequitur
708 1806 1008 1854 pressoque
1048 1789 1179 1852 legit
1215 1789 1443 1853 vestigia
1486 1806 1693 1855 gressu,

305 1882 722 1948 Auctoremque
759 1883 876 1931 viae
917 1882 1201 1931 Phoebum
1238 1883 1539 1933 taciturnus
1582 1884 1788 1934 adorat.

308 2015 419 2064 Iam
459 2016 597 2064 vada
642 2015 864 2081 Cephisi
910 2016 1271 2082 Panopesque
1307 2026 1553 2068 evaserat
1586 2034 1740 2079 arva;

306 2108 412 2157 Bos
454 2110 600 2158 stetit
629 2118 681 2158 et
714 2109 908 2158 tollens
947 2111 1257 2175 speciosam
1298 2112 1556 2161 cornibus
1597 2111 1717 2162 altis

213 2209 255 2248 ¹5
306 2201 395 2250 Ad
438 2202 648 2250 caelum
685 2201 916 2251 frontem
960 2204 1260 2268 mugitibus
1297 2205 1513 2271 impulit
1550 2222 1706 2255 auras

306 2294 489 2360 Atque
533 2296 618 2351 ita,
661 2296 955 2360 respiciens
995 2299 1224 2347 comites
1267 2316 1365 2347 sua
1405 2307 1559 2364 terga
1599 2306 1899 2365 sequentes,

307 2388 599 2437 Procubuit
637 2398 933 2454 teneraque
973 2390 1112 2440 latus
1147 2392 1420 2442 summisit
1458 2393 1509 2441 in
1549 2392 1732 2442 herba.

305 2481 545 2530 Cadmus
589 2482 698 2545 agit
739 2492 933 2546 grates,
974 2485 1408 2550 peregrinaeque
1447 2485 1636 2535 oscula
1676 2494 1849 2535 terrae

306 2574 460 2635 Isigit.
496 2584 547 2623 et
587 2575 802 2637 ignotos
844 2585 1057 2626 montes
1094 2595 1367 2644 agrosque
1402 2579 1615 2629 salutat.

207 2682 254 2709 20
303 2667 469 2715 Sacra
510 2666 623 2715 Iovi
665 2667 902 2717 facturus
941 2678 1069 2719 erat.
1152 2671 1311 2720 Iubet
1353 2672 1426 2721 ire
1461 2673 1736 2722 ministros

304 2759 372 2808 lit
411 2769 595 2825 petere
634 2778 661 2810 e
700 2762 832 2810 vivis
872 2762 1118 2812 libandas
1159 2764 1400 2814 fontibus
1439 2766 1628 2815 undas.

300 2893 446 2942 Silva
483 2904 637 2944 vetus
677 2896 870 2954 stabat,
912 2898 1057 2947 nulla
1099 2899 1298 2948 violata
1338 2900 1532 2959 securi,

301 2986 370 3036 Et
407 3006 603 3053 specus
642 2989 691 3037 in
730 2991 926 3048 medio,
965 2992 1129 3055 virgis
1171 3009 1234 3040 ac
1268 2993 1469 3042 vimine
1507 2994 1725 3054 densus,

300 3079 556 3130 Efficiens
599 3081 862 3131 humilem
896 3084 1140 3150 lapidum
1179 3086 1544 3151 compagibus
1582 3103 1785 3147 arcum,

204 3187 250 3225 25
298 3172 574 3223 Uberibus
616 3175 880 3225 fecundus
923 3178 1091 3242 aquis,
1131 3178 1223 3227 ubi
1265 3179 1519 3228 conditus
1554 3188 1708 3229 antro
