1916 3389
1524 199 1577 215 ’ἢ

138 215 369 258 IULIUS
417 215 680 256 CAESAR
725 212 979 256 STELLA
1026 212 1286 254 FACTUs
1482 200 1572 250 106

0 355 156 410 1rnos
198 359 434 409 ululasse
477 376 638 408 canes
680 357 1011 423 umbrasque
1053 357 1309 406 silentum

37 471 120 504 sse
162 453 356 512 serunt,
401 461 717 517 motamque
759 451 1089 502 tremoribus
1131 451 1341 502 urbem.
1560 449 1567 456 '
1628 474 1683 509 40

31 604 189 636 amen
231 586 454 636 insidias
491 594 831 651 venturaque
867 585 1085 634 vincere
1123 584 1232 634 fata

37 682 217 731 onitus
257 688 487 747 potuere
529 680 725 740 deum;
776 679 1055 744 strictique
1098 678 1344 728 seruntur

26 774 210 842 nplum
253 774 436 840 gladii.
515 773 711 839 Neque
753 773 897 822 enim
941 772 1094 821 locus
1124 771 1264 821 ullus
1303 772 1355 821 in
1394 770 1548 823 Urbe

30 870 182 918 cinus
224 869 510 934 diramque
551 867 751 934 placet,
794 866 894 916 nisi
937 866 1101 926 curia,
1145 866 1391 916 caedem.

0 1015 146 1052 {vero
185 1001 462 1067 Cytherea
502 1018 666 1051 manu
709 1001 980 1067 percussit
1020 1008 1249 1066 utraque
1629 1031 1679 1074 45

23 1114 52 1155 3,
96 1104 150 1146 et
188 1095 494 1146 Aeneaden
536 1095 758 1145 molitur
799 1096 1037 1145 condere
1079 1095 1242 1156 nube,

23 1190 155 1239 nius
197 1189 393 1240 infesto
435 1190 582 1239 Paris
623 1196 705 1239 est
744 1197 964 1255 ereptus
1005 1188 1257 1249 Atridae,

28 1285 292 1334 omedeos
334 1283 556 1334 Aeneas
600 1283 815 1350 fugerat
855 1301 1028 1336 enseS.

19 1395 65 1428 is
106 1378 248 1428 hanc
285 1378 529 1444 genitor:

580 1465 762 1517 “Sola
803 1466 1170 1533 insuperabile
1209 1466 1399 1528 fatum,

41 1577 262 1610 movere
302 1565 499 1627 paras?
578 1560 753 1611 Intres
795 1561 921 1611 licet
961 1562 1080 1628 ipsa
1119 1579 1372 1612 sororum
1634 1590 1684 1633 50

46 1653 239 1705 trium!
313 1653 517 1704 Cernes
559 1655 666 1704 illic
709 1655 989 1705 molimine
1027 1664 1182 1706 vasto

12 1766 94 1799 ere
136 1757 189 1800 et
228 1749 408 1800 solido
451 1767 631 1800 rerum
673 1750 944 1800 tabularia
984 1749 1143 1811 ferre,

39 1860 218 1911 neque
260 1861 591 1894 concussum
637 1844 771 1894 caeli
815 1862 992 1912 neque
1034 1845 1275 1895 fulminis
1317 1846 1452 1896 iram

10 1945 250 1988 netuunt
289 1938 426 1988 ullas
466 1946 584 1989 tuta
625 1947 790 2006 atque
833 1948 1054 1990 aeterna
1095 1940 1292 1991 ruinas,

17 2031 92 2082 ies
134 2032 241 2082 illic
280 2032 450 2083 incisa
490 2033 783 2084 adamante
826 2034 1051 2100 perenni
1634 2065 1681 2111 55

12 2125 90 2176 tui
134 2126 360 2192 generis.
440 2126 576 2192 Legi
619 2127 735 2193 ipse
777 2128 1073 2195 animoque
1116 2128 1299 2179 notavi

13 2219 200 2281 feram,
243 2237 311 2271 ne
352 2220 423 2271 sis
465 2221 766 2271 etiamnum
809 2222 998 2287 ignara
1038 2221 1220 2274 futuri.

0 2371 3 2432 i
40 2384 139 2418 sua
179 2369 494 2436 complevit,
537 2388 637 2436 pro
674 2387 802 2436 quo,
845 2370 1137 2437 Cytherea,
1180 2371 1415 2432 laboraS,

0 2477 118 2547 fora
158 2462 413 2528 perfectis
451 2480 591 2529 quos
632 2472 808 2514 terrae
850 2465 1040 2515 debuit
1080 2465 1250 2514 annis.

0 2555 97 2630 leus
139 2556 366 2607 accedat
405 2557 558 2606 caelo
599 2558 933 2624 templisque
975 2559 1201 2618 colatur,
1631 2581 1684 2622 50

0 2646 133 2698 'lcies
174 2657 446 2716 natusque
487 2668 646 2712 suus;
697 2652 789 2718 qui
832 2652 1069 2701 nominis
1110 2652 1269 2702 heres

10 2739 171 2791 situm
212 2741 349 2793 feret
387 2760 527 2793 unus
568 2760 724 2803 onus,
769 2745 1024 2811 caesique
1066 2744 1307 2811 parentis

2 2831 55 2883 in
93 2833 237 2885 bella
276 2853 404 2886 suos
445 2835 771 2888 fortissimus
812 2838 957 2888 ultor
996 2837 1239 2890 habebit.

1 3002 56 3036 ac
96 2987 334 3039 animam
376 2989 582 3040 interea
622 3008 784 3041 caeso
826 2991 893 3042 de
936 3009 1170 3058 corpore
1211 2999 1425 3058 raptam

1 3078 168 3141 iubar,
211 3090 270 3133 ut
310 3099 530 3150 semper
568 3083 843 3150 Capitolia
884 3094 1070 3136 nostra
1109 3085 1402 3152 forumque
1629 3092 1683 3146 65

0 3189 22 3222 5
62 3174 130 3224 ab
171 3175 394 3227 excelsa
433 3186 752 3244 prospectet
792 3177 965 3229 Iulius
1006 3176 1189 3230 aede.”
