1916 3389
74 321 132 371 lit
171 330 225 372 et
265 321 475 380 minuit,
518 336 800 386 parvoque
843 320 1090 368 admovit
1130 324 1279 368 aeno.

53 416 200 482 dque
241 431 371 464 suus
413 415 656 464 coniunx
698 413 855 478 riguo
897 412 1196 478 collegerat
1236 413 1413 474 hort0,

50 517 157 559 icat
197 508 358 558 holus
399 507 552 557 soliis.
636 506 814 556 Furca
855 505 999 556 levat
1040 506 1127 556 ille
1169 507 1381 557 bicorni

49 601 151 651 lida
191 609 346 666 terga
385 600 496 649 suis
538 599 694 664 nigro
736 598 1036 665 pendentia
1077 599 1248 664 tigno,

49 703 258 761 ‘atoque
300 693 392 743 diu
436 700 645 742 resecat
674 693 741 741 de
781 700 1000 757 tergore
1042 701 1255 759 partem

47 805 210 854 guam,
252 795 573 854 sectamque
615 787 807 836 domat
847 785 1184 837 ferventibus
1226 787 1398 838 undis,

46 973 126 1006 ‘ea
167 955 375 1006 medias
416 954 609 1005 fallunt
648 953 995 1004 sermonibus
1038 954 1220 1018 hora5‚

44 1050 358 1117 :utiuntque
398 1057 581 1100 torum
625 1049 693 1098 de
735 1049 885 1098 molli
928 1047 1166 1098 fluminis
1209 1049 1333 1099 ulva

0 1191 17 1225 ie
43 1145 241 1195 ositum
284 1144 443 1204 lecto,
485 1144 703 1210 sponda
743 1142 1093 1210 pedibusque
1135 1144 1375 1209 salignis.

18 1219 168 1289 ,ibus
211 1239 356 1288 hunc
399 1238 595 1297 velant,
629 1254 765 1304 quas
807 1254 916 1286 non
960 1236 1059 1286 nisi
1102 1245 1355 1304 tempore
1395 1237 1534 1288 festo

39 1350 163 1383 nere
205 1340 561 1392 consuerant;
612 1332 708 1381 sed
751 1339 804 1381 et
844 1330 980 1380 haec
1022 1331 1255 1397 vilisque
1296 1339 1567 1399 vetusque

38 1427 87 1477 ,is
129 1434 258 1485 erat,
302 1427 444 1476 lecto
487 1442 596 1475 non
639 1426 977 1490 indignanda
1019 1425 1244 1490 saligno.

0 1519 235 1570 :ubuere
278 1520 381 1569 dei.
463 1519 715 1568 Mensam
757 1519 1038 1568 succincta
1081 1526 1435 1586 tremensque

1 1621 64 1663 ‚.t
103 1630 254 1664 anus,
334 1612 560 1662 Mensae
602 1613 698 1661 sed
741 1620 856 1661 erat
896 1630 992 1678 pes
1034 1613 1223 1662 tertius
1266 1613 1471 1679 impar;

39 1724 69 1756 a
108 1724 298 1773 parem
340 1705 480 1756 fecit.
562 1704 721 1771 Quae
764 1714 1061 1771 postquam
1103 1706 1325 1757 subdita
1365 1707 1566 1757 clivum

32 1793 154 1853 ulit,
198 1801 489 1859 aequatam
532 1800 748 1842 mentae
790 1801 992 1842 tersere
1034 1793 1284 1844 virentes.

29 1945 129 1994 itur
169 1944 256 1994 hic
299 1945 510 1995 bicolor
550 1946 792 1995 sincerae
834 1946 972 1996 baca
1014 1946 1314 2008 Minervae,

29 2038 252 2104 ditaque
295 2039 347 2088 in
389 2038 597 2105 liquida
639 2057 805 2089 corna
848 2041 1187 2091 autumnalia
1228 2041 1398 2102 faece,

27 2147 194 2198 Jaque
236 2140 290 2182 et
331 2133 487 2182 radix
529 2142 582 2182 et
623 2133 774 2183 lactis
820 2151 999 2184 massa
1040 2135 1234 2195 coacti,

30 2242 138 2291 que
180 2243 288 2275 non
331 2227 439 2275 acri
485 2227 673 2277 leviter
713 2236 926 2278 versata
967 2227 1163 2289 favilla,

7 2326 22 2392 '¹
55 2318 105 2368 ia
145 2318 415 2369 fictilibus.
497 2320 625 2370 Post
665 2320 800 2370 haec
843 2322 1083 2372 caelatus
1124 2323 1324 2373 eodem

0 2393 124 2508 {itur
164 2421 391 2478 argento
434 2421 608 2463 crater
648 2414 1022 2482 fabricataque
1064 2416 1191 2482 sago

23 2505 121 2566 ula,
165 2523 273 2572 qua
314 2523 446 2556 cava
487 2516 627 2567 sunt,
671 2507 998 2559 flaventibus
1040 2510 1172 2561 illita
1213 2511 1366 2562 ceris,

22 2678 70 2711 'a
110 2677 264 2710 mora
304 2669 400 2719 est,
443 2662 746 2729 epulasque
790 2663 895 2712 foci
939 2664 1135 2714 misere
1177 2665 1433 2716 calentes

57 2754 254 2820 longae
297 2772 481 2805 rursus
524 2756 830 2806 referuntur
868 2758 995 2807 vina
1036 2767 1308 2818 senectae,

28 2855 158 2914 tque
200 2847 383 2898 locum
426 2850 628 2899 mensis
670 2851 899 2916 paulum
941 2853 1168 2903 seducta
1208 2853 1482 2903 secundis.

47 2958 179 3002 nux,
222 2941 310 2991 hic
353 2943 526 2992 mixta
567 2951 648 2993 est
688 2945 903 3009 rugosis
945 2946 1125 2996 carica
1164 2947 1360 3012 palmis

20 3051 185 3101 iaque
227 3043 281 3085 et
322 3036 373 3084 in
415 3036 616 3101 patulis
658 3037 962 3088 redolentia
1001 3040 1144 3089 mala
1184 3040 1433 3090 canistris

46 3144 74 3177 e
115 3129 405 3194 purpureis
447 3129 710 3179 collectae
750 3131 951 3181 vitibus
993 3150 1147 3182 uvae.

409 176 768 218 PHILEMON
816 176 901 216 ET
946 175 1189 218 BAUCIS
1564 163 1664 214 141

1706 973 1756 1013 30

1701 1441 1750 1481 35

1697 1968 1750 2005 40

1693 2437 1743 2477 45

1692 2968 1740 3008 50
