2018 3400
452 226 717 271 ΡΟΕΤΑΕ
766 223 1212 269 IMMORTALES
1639 211 1703 262 77

42 392 157 452 :sul,
199 393 359 458 inops
399 408 561 450 erres,
604 390 891 455 alienaque
933 388 1120 438 limina
1160 387 1372 448 lustres,

41 487 431 551 Exiguumque
474 492 628 550 petas
669 500 763 532 ore
803 490 1072 532 tremente
1115 482 1316 532 cibum.

41 597 81 629 ec
121 595 322 645 corpus
363 577 610 644 querulo,
654 593 753 626 nec
796 593 950 642 mens
991 583 1148 625 vacet
1189 592 1354 640 aegra
1395 574 1604 631 dolore,

39 673 275 739 Noxque
316 671 403 721 die
445 671 663 736 gravior
704 670 771 720 sit
810 670 926 729 tibi,
969 677 1130 719 nocte
1172 670 1304 719 dies,
1758 692 1802 718 10

38 842 160 892 3que
201 823 363 873 miser
402 840 638 889 semper,
682 839 781 871 nec
822 822 893 872 sis
936 822 1260 871 miserabilis
1304 821 1414 871 ulli.

37 917 287 969 Gaudeat
326 917 566 967 adversis
608 915 810 965 femina
850 916 1041 982 virque
1083 917 1206 967 tuis.

37 1012 212 1062 :cedat
251 1011 488 1061 lacrimis
530 1011 738 1070 odium,
780 1010 1093 1076 dignusque
1135 1010 1356 1076 puteris,

36 1104 144 1172 Qui
187 1104 329 1154 mala
369 1121 495 1155 cum
535 1104 722 1154 tuleris
765 1103 1016 1170 plurima,
1061 1104 1217 1169 plura
1262 1103 1417 1155 feraS.

35 1215 170 1265 :que,
214 1197 364 1264 quod
405 1205 488 1248 est
527 1213 725 1255 rarum,
767 1197 930 1247 solito
973 1196 1189 1247 desecta
1228 1196 1413 1247 favore
1763 1217 1806 1259 ¹5

35 1292 308 1342 Fortunae
350 1290 515 1341 facies
557 1291 826 1340 invidiosa
866 1298 1009 1342 tuae.

33 1456 254 1507 tusaque
295 1456 404 1489 non
446 1439 600 1497 desit,
645 1440 785 1490 desit
826 1439 922 1489 tibi
965 1440 1128 1506 copia
1170 1439 1377 1500 mortis,

40 1532 300 1600 Optatam
343 1532 515 1598 fugiat
553 1533 664 1583 vita
705 1542 898 1583 coacta
939 1550 1150 1583 necem.

53 1635 338 1694 ctatusque
383 1627 474 1677 diu
518 1627 789 1677 cruciatos
832 1628 1055 1694 spiritus
1099 1636 1247 1678 artus

38 1719 281 1779 Deserat,
323 1728 378 1771 et
417 1720 583 1786 longa
623 1729 879 1788 torqueat
920 1730 1044 1772 ante
1087 1739 1259 1771 mora.
1761 1733 1809 1759 20

0 1959 18 1993 Π
361 1998 442 2039 29.
495 1996 784 2039 POETAE
825 1996 1310 2040 IMMORTALES.

1 2131 116 2184 iuid
159 2135 306 2194 mihi,
349 2135 515 2185 Livor
555 2137 716 2195 edax,
760 2136 988 2202 ignavos
1030 2136 1204 2186 obicis
1247 2154 1435 2198 annos,

41 2227 363 2295 Ingeniique
403 2246 570 2279 vocas
612 2247 830 2280 carmen
876 2230 1062 2280 inertis
1104 2236 1281 2297 opus?

27 2391 94 2424 on
135 2392 222 2425 me
263 2393 415 2426 more
457 2385 693 2443 patrum,
737 2378 870 2427 dum
914 2387 1135 2436 strenua
1176 2379 1408 2430 sustinet
1448 2387 1613 2441 aetas,

42 2468 284 2519 Praemia
325 2471 547 2520 militiae
590 2471 970 2536 pulverulenta
1011 2473 1184 2539 sequi,

27 2578 87 2643 fc
127 2579 213 2612 me
252 2564 510 2614 verbosas
552 2564 700 2630 leges
741 2566 1001 2625 ediscere,
1033 2584 1134 2616 nec
1176 2584 1263 2617 me
1760 2584 1780 2625 5

43 2654 263 2721 Ingrato
302 2674 499 2707 vocem
540 2658 886 2724 prostituisse
926 2659 1083 2710 foro?

26 2750 204 2800 {ortale
241 2760 337 2811 est,
380 2753 530 2819 quod
572 2752 805 2819 quaeris,
849 2770 1007 2819 opuS.
1088 2754 1227 2804 Mihi
1270 2755 1416 2806 fama
1456 2757 1712 2823 perennis

45 2841 352 2908 Quaeritur,
395 2845 449 2895 in
488 2853 608 2896 toto
649 2863 869 2912 semper
908 2854 967 2896 ut
1006 2847 1142 2898 orbe
1182 2865 1362 2900 canar.

25 2999 133 3071 :vet
172 2991 510 3053 Maeonides,
551 2994 809 3043 Tenedos
851 2994 984 3044 dum
1024 2994 1190 3046 stabit
1229 3004 1283 3047 et
1323 2996 1438 3057 Ide,

47 3082 195 3134 Dum
235 3087 453 3153 rapidas
495 3086 697 3138 Simois
738 3087 790 3136 in
833 3105 981 3137 mare
1021 3089 1207 3140 volvet
1246 3107 1434 3156 aquas
1759 3104 1807 3133 10

47 3185 134 3228 vet
172 3186 226 3229 et
263 3179 556 3239 Ascraeus,
598 3181 730 3230 dum
773 3181 963 3231 mustis
1005 3199 1110 3232 uva
1148 3183 1401 3243 tumebit,

49 3269 196 3321 Dum
235 3274 396 3324 cadet
434 3273 658 3324 incurva
697 3272 835 3323 falce
875 3284 1086 3325 resecta
1125 3275 1305 3327 Ceres,
