1950 3340
185 1805 232 1833 10

208 2274 250 2313 ¹5
296 2260 434 2307 'l'ota
475 2261 671 2308 domus
714 2261 823 2308 duo
865 2268 1005 2318 sunt,
1051 2260 1195 2309 idem
1237 2267 1541 2326 parentque
1582 2259 1900 2326 iubentque.

207 2840 257 2868 20
309 2825 437 2873 Inde
481 2825 891 2893 soco.tcpidum
935 2830 1170 2880 cinerem
1213 2833 1444 2882 dimovit
1485 2840 1539 2884 ct
1579 2832 1733 2897 ignes

288 150 390 200 140
857 160 906 202 P.
954 158 1236 200 OVIDIUS
1283 158 1463 200 NASO

679 417 757 455 15.
801 412 1186 456 PHJLEMON
1219 412 1322 453 ET
1353 411 1620 455 BAUCIS.

287 549 651 610 Haspl'lalz'lalis
674 564 729 593 ne
751 553 885 593 estole
909 547 1199 592 immemores
1213 564 1230 599 ,·
1255 552 1351 605 per
1372 546 1500 591 lzanc
1519 545 1641 592 enim
1666 545 1863 608 quidam
1887 565 1898 594 ε
1933 542 1950 608 ,’

790 639 1065 694 exceperunt
1086 634 1274 693 angelos
1297 633 1514 692 hospitio.

289 779 378 828 Sic
421 778 662 843 dicitque
703 775 903 825 Lelex:

980 897 1153 946 Tiliae
1194 896 1536 947 contermina
1573 912 1808 963 quercus

290 993 535 1044 Collibus
578 1001 658 1042 est
699 991 965 1056 Phrygiis,
1009 991 1230 1040 modico
1273 991 1613 1040 circumdata
1653 1006 1823 1040 muro.

291 1181 450 1230 Nunc
492 1180 732 1228 celebres
776 1178 975 1243 mergis
1016 1177 1306 1244 fulicisque
1346 1177 1681 1243 palustribus
1721 1176 1900 1226 undae
1938 1163 1950 1246 Ι]

295 1325 538 1390 Iuppiter
580 1325 685 1373 huc
728 1323 911 1389 specie
955 1323 1185 1382 mortali,
1229 1339 1469 1390 cumque
1510 1329 1736 1389 parente

293 1418 458 1468 Venit
496 1417 842 1467 Atlantiades
887 1418 1080 1483 positis
1122 1417 1401 1467 caducifer
1440 1417 1555 1467 alis,

297 1512 445 1560 Mille
487 1512 682 1560 domos
725 1511 923 1569 adiere,
966 1511 1149 1560 locum
1193 1511 1551 1577 requiemque
1593 1517 1873 1577 petentes;

298 1605 445 1652 Mille
488 1605 683 1653 domos
725 1605 968 1653 clausere
1011 1622 1177 1654 serae.
1258 1604 1470 1653 Tamen
1512 1621 1620 1654 una
1660 1603 1883 1670 recepit,
1934 1613 1938 1622 “

299 1699 463 1745 l’arva
501 1698 740 1762 quidem,
784 1698 997 1762 stipulis
1039 1706 1092 1747 et
1131 1714 1304 1747 canna
1343 1706 1489 1748 tecta
1529 1697 1785 1764 palustri;

298 1791 405 1839 Sed
449 1791 538 1855 pia
579 1789 775 1839 Baucis
819 1808 952 1839 anus
997 1792 1264 1858 parilique
1310 1799 1486 1841 aetate
1529 1790 1815 1840 Philemon

300 1884 396 1932 llla
436 1892 561 1934 sunt
600 1885 753 1933 annis
797 1885 962 1934 iuncti
1006 1885 1362 1943 iuvenalibus,
1406 1885 1495 1934 illa

298 1978 647 2027 Consenuerc
691 1995 843 2031 casa:
893 1987 1388 2045 paupertatemque
1431 1978 1653 2029 fatendo

301 2072 543 2121 lit'fecere
586 2072 759 2121 levem
803 2090 901 2121 nec
945 2073 1129 2138 iniqua
1171 2080 1351 2122 mente
1393 2072 1634 2123 ferendo.

297 2166 411 2214 Nec
455 2166 627 2223 refert,
670 2167 924 2215 dominos
968 2166 1088 2224 illic,
1131 2165 1435 2215 famulosne
1477 2167 1748 2232 requiras;

302 2402 449 2464 lirgo
493 2403 579 2452 ubi
625 2404 913 2453 caelicolae
956 2406 1187 2470 placitos
1228 2406 1458 2471 tetigere
1498 2412 1743 2472 penates,

301 2497 696 2562 ⁸&ulnnissoqne
740 2498 975 2546 humiles
1019 2500 1285 2549 intrarunt
1324 2500 1526 2549 vertice
1568 2506 1772 2565 postes,

303 2589 553 2637 Membra
594 2608 761 2638 senex
806 2592 985 2655 posito
1028 2593 1180 2642 iussit
1222 2593 1461 2643 relevare
1501 2592 1672 2652 sedili,

302 2683 428 2744 Quo
470 2683 820 2747 superiniecit
860 2691 1072 2734 textum
1116 2687 1249 2736 rude
1290 2687 1482 2737 sedula
1522 2686 1734 2736 Baucis.

305 2917 541 2967 Suscitat
581 2919 862 2970 hesternos
906 2922 1157 2989 foliisque
1200 2933 1252 2974 et
1294 2926 1497 2975 cortice
1538 2926 1685 2975 sicco

306 3009 486 3060 Nutrit
529 3021 579 3061 et
621 3014 686 3061 ad
732 3014 977 3064 flammas
1019 3017 1200 3066 anima
1241 3017 1499 3084 producit
1538 3017 1684 3080 anili,

308 3103 715 3170 Txlultifidasquc
758 3107 900 3156 faces
943 3110 1276 3175 ramaliaque
1320 3113 1468 3162 arida
1509 3120 1658 3163 tecto
