1916 3389
517 180 732 223 SOMNI
782 179 1020 222 DOMUS

456 510 535 549 19.
579 507 807 550 SOMNJ
842 507 1102 549 DOMUS.

44 680 76 722 ;t
115 689 290 738 prope
333 670 660 721 Cimmerios
703 669 870 734 longo
911 669 1177 735 spelunca
1218 688 1455 734 recessu,

44 784 67 815 s
109 783 291 823 cavus,
336 764 515 829 ignavi
559 764 758 813 domus
801 771 853 813 et
892 763 1194 829 penetralia
1235 764 1439 815 Somni.

73 875 376 925 numquam
419 858 581 907 radiis
623 858 803 906 oriens
846 858 1129 907 mediusve
1171 858 1444 908 cadensve

43 953 156 1004 :bus
199 953 348 1002 adire
391 959 589 1018 potest.
667 951 919 1001 Nebulae
960 951 1193 1017 caligine
1237 952 1443 1003 mixtae

42 1047 248 1097 alantur
289 1046 460 1095 humo
504 1045 817 1111 dubiaeque
859 1045 1184 1112 crepuscula
1224 1045 1374 1096 lucis,

61 1200 190 1266 vigil
233 1200 343 1249 ales
385 1200 457 1249 ibi
500 1200 703 1250 cristati
747 1200 997 1250 cantibus
1038 1201 1147 1250 oris

0 1331 11 1363 3·
41 1303 111 1344 :at
150 1293 446 1352 Auroram,
490 1311 588 1342 nec
630 1311 766 1343 voce
808 1294 1020 1344 silentia
1061 1305 1325 1362 rumpunt

39 1388 196 1438 citive
239 1404 401 1436 canes
444 1387 740 1436 canibusve
783 1389 1034 1453 sagacior
1076 1407 1245 1440 anser.

64 1482 191 1541 fera,
235 1498 344 1530 non
386 1482 646 1547 pecudes,
691 1498 799 1530 non
845 1483 978 1532 moti
1022 1483 1239 1533 flamine
1282 1485 1436 1546 rami,

2 1612 14 1645 e
57 1593 261 1625 anaeve
304 1592 502 1624 sonum
546 1576 783 1624 reddunt
824 1577 1073 1626 convicia
1113 1577 1350 1643 linguae.

96 1671 251 1736 quies
294 1668 520 1719 habitat.
602 1668 754 1719 Saxo
797 1678 980 1719 tamen
1022 1672 1137 1721 exit
1177 1672 1244 1721 ab
1288 1673 1399 1722 imo

0 1802 13 1835 J·
43 1781 66 1812 s
108 1780 282 1828 aquae
326 1762 542 1821 Lethes,
586 1780 685 1828 per
726 1781 893 1829 quem
935 1781 1060 1814 cum
1107 1783 1385 1816 murmure
1427 1767 1617 1817 labens

35 1865 96 1907 at
135 1874 361 1906 somnos
403 1857 800 1922 crepitantibus
844 1858 990 1907 unda
1031 1858 1242 1925 lapillis.

33 2042 40 2070 ς
83 2021 226 2072 fores
269 2022 407 2071 antri
451 2021 685 2072 fecunda
728 2039 1005 2088 papavera
1046 2021 1242 2072 florent

65 2210 197 2276 legit
238 2219 291 2261 et
330 2212 540 2277 spargit
581 2230 679 2278 per
719 2230 924 2279 opacas
967 2214 1153 2263 umida
1193 2221 1379 2263 terras.

33 2321 78 2362 a,
122 2322 189 2353 ne
229 2322 387 2354 verso
429 2306 689 2355 stridores
731 2307 953 2356 cardine
997 2307 1204 2366 reddat,

33 2415 56 2447 a
95 2398 264 2448 domo
305 2407 450 2460 tota;
499 2408 685 2450 custos
727 2400 780 2450 in
822 2400 1005 2450 limine
1047 2401 1242 2451 nullus.

33 2560 193 2610 nedio
235 2568 387 2610 torus
428 2569 511 2611 est
551 2561 729 2612 ebeno
772 2563 1019 2614 sublimis
1063 2564 1114 2613 in
1156 2573 1329 2624 antro,

0 2670 165 2721 21eus,
208 2654 475 2713 unicolor,
518 2655 670 2721 pullo
710 2656 983 2707 velamine
1012 2666 1216 2718 tectus;

64 2746 230 2797 cubat
270 2748 387 2814 ipse
429 2749 563 2799 deus
606 2750 866 2800 membris
909 2750 1173 2816 languore
1215 2752 1421 2803 solutis.

36 2856 64 2888 c
106 2840 249 2889 circa
290 2842 495 2907 passim
532 2844 706 2893 varias
750 2844 1017 2894 imitantia
1056 2844 1259 2895 formas

33 3044 44 3074 ι
84 3027 223 3091 gerit
263 3027 500 3088 frondeS‚
543 3029 742 3080 eiectas
784 3030 909 3080 litus
955 3031 1199 3082 harenas.

1548 159 1651 211 151

43 2134 334 2183 meraeque
377 2117 596 2177 herbae,
640 2136 873 2184 quarum
916 2119 983 2168 de
1028 2118 1165 2168 lacte
1207 2135 1468 2185 soporem

39 2933 126 2982 nia
165 2951 304 2984 vana
345 2935 524 2985 iacent
562 2937 812 2997 totidem,
855 2946 992 3004 quot
1032 2939 1223 2988 messis
1265 2939 1472 3000 aristas,

1693 1603 1740 1630 10

1681 2678 1737 2709 20
