2018 3400
276 210 495 255 POETA
545 203 762 247 EXSUL
809 194 1142 240 IACTATUS
1193 190 1261 231 IN
1311 188 1480 230 ALTO
1675 171 1740 222 67

83 472 156 511 20.
210 463 439 509 NULLA
487 457 725 503 NUBES
763 451 931 495 SINE
972 444 1205 489 PARTE
1259 437 1663 484 ARGEA'TEA.

57 610 165 662 ulla
205 610 321 659 dies
364 605 502 654 adeo
543 608 625 650 est
665 593 990 647 australibus
1033 587 1222 638 umida
1263 581 1479 640 nimbis,

73 704 201 754 Non
242 695 563 750 intermissis
606 700 665 742 ut
706 689 839 739 fluat
879 683 1055 735 imber
1096 679 1268 746 aquis,

29 866 120 915 Jec
162 861 358 913 sterilis
400 858 554 908 locus
597 853 736 902 ullus
779 850 852 899 ita
892 854 988 905 est,
1032 851 1093 893 ut
1133 857 1242 891 non
1283 838 1353 888 sit
1392 837 1446 886 in
1487 833 1579 884 illo

79 957 260 1008 Mixta
300 953 411 1003 fere
453 949 601 999 duris
643 944 787 995 utilis
828 940 999 991 herba
1027 936 1188 987 rubis.

67 1119 101 1168 il
142 1118 280 1167 adeo
322 1114 541 1164 fortuna
582 1107 760 1174 gravis
804 1099 1113 1153 miserabile
1154 1096 1300 1154 fecit,
1802 1102 1823 1144 5

85 1211 164 1262 Ut
204 1209 452 1260 minuant
493 1203 639 1254 nulla
682 1199 882 1266 gaudia
923 1202 1075 1262 parte
1117 1191 1339 1241 malum.

200 1465 272 1504 21.
324 1457 553 1503 POETA
602 1453 828 1496 EXSUL
873 1445 1224 1492 [ACTATUS
1261 1442 1349 1484 IN
1380 1438 1581 1483 ALTO.

73 1602 87 1652 i
129 1600 291 1651 maris
329 1604 383 1647 et
418 1589 814 1656 caeli‚——quid
853 1586 998 1636 enim
1037 1582 1138 1632 nisi
1174 1587 1304 1630 vota
1343 1578 1761 1644 supersunt?—

90 1694 316 1745 Solvere
357 1695 647 1756 quassatae
689 1682 895 1750 parcite
937 1676 1189 1728 membra
1229 1672 1373 1731 ratis,

72 1805 187 1847 eve,
231 1800 443 1853 precor,
488 1778 673 1845 magni
715 1773 1043 1826 subscribite
1086 1767 1334 1820 Caesaris
1376 1762 1515 1814 irae!

91 1882 270 1948 Saepe
312 1883 595 1946 premente
637 1873 742 1922 deo
784 1869 887 1919 fert
927 1867 1062 1916 deus
1104 1863 1239 1913 alter
1280 1875 1463 1926 opem.

74 2037 205 2088 erba
244 2035 410 2084 miser
450 2030 647 2080 frustra
687 2043 798 2076 non
840 2020 1186 2091 proficientia
1225 2016 1416 2084 perdo.
1813 2007 1833 2050 5

12 2188 13 2193 ,
95 2130 226 2197 Ipsa
268 2144 460 2194 graves
502 2129 771 2191 spargunt
811 2136 907 2169 ora
948 2114 1222 2182 loquentis
1264 2126 1457 2177 aquae,

22 2223 412 2287 Terribilisque
453 2219 633 2269 Notus
675 2217 839 2265 iactat
880 2229 1002 2262 mea
1042 2211 1204 2267 dicta,
1250 2218 1553 2273 precesque

96 2314 189 2364 Ad
231 2329 370 2379 quos
412 2311 716 2366 mittuntur,
760 2322 869 2355 non
911 2302 1038 2352 sinit
1078 2301 1153 2350 ire
1195 2299 1348 2348 deos.

28 2470 121 2519 Me
162 2467 439 2523 miserum,
483 2461 672 2529 quanti
714 2465 930 2509 montes
970 2453 1265 2505 volvuntur
1306 2441 1603 2514 aquarum!

1822 2550 1869 2578 10

101 2561 218 2611 Iam
260 2560 367 2609 iam
408 2565 651 2607 tacturos
693 2554 872 2602 sidera
912 2564 1129 2599 summa
1170 2553 1347 2612 putes.

32 2655 285 2721 Quantae
326 2652 553 2702 diducto
595 2647 888 2698 subsidunt
928 2657 1169 2708 aequore
1208 2634 1406 2688 valles!

105 2749 223 2798 Iam
263 2748 370 2796 iam
410 2752 648 2795 tacturas
688 2741 920 2789 Tartara
960 2737 1115 2801 nigra
1154 2740 1330 2800 putes,

38 2901 409 2967 Quocumque
450 2897 674 2964 aspicio,
718 2892 851 2944 nihil
891 2899 973 2941 est
1013 2889 1113 2939 nisi
1155 2894 1357 2954 pontus
1398 2890 1452 2933 et
1492 2886 1598 2939 aer,

0 3065 6 3073 ι
109 2993 394 3045 Fluctibus
435 2992 523 3041 hic
563 2989 825 3045 tumidus,
869 2983 1107 3035 nubibus
1149 2980 1235 3030 ille
1277 2978 1478 3028 minax.

41 3087 190 3138 Inter
229 3095 524 3151 utrumque
565 3083 806 3133 fremunt
846 3076 1070 3129 immani
1113 3087 1391 3124 murmure
1431 3066 1595 3118 venti.
1829 3076 1876 3118 15

112 3180 317 3239 Nescit,
359 3179 445 3228 cui
486 3177 712 3227 domino
755 3180 959 3240 pareat,
1003 3169 1150 3219 unda
1190 3165 1368 3216 maris.
