2018 3400
739 172 1017 214 CADMUS
1671 159 1761 210 111

64 320 186 368 'aret
226 322 293 371 et,
336 320 394 363 ut
433 330 623 379 presso
665 312 877 362 sulcum
921 313 1179 379 patefecit
1222 322 1416 371 aratro,

62 410 250 480 {pargit
288 407 438 458 humi
479 407 670 465 iussos,
714 407 963 456 mortalia
1004 408 1228 465 semina,
1272 408 1480 457 dentes.

63 559 177 645 nde,
218 583 323 633 fide
365 582 554 641 maius,
598 581 826 647 glaebae
863 598 1098 648 coepere
1141 582 1361 641 moveri,

58 680 312 744 'rimaque
354 677 421 727 de
463 676 626 725 sulcis
669 676 812 725 acies
852 677 1106 742 apparuit
1144 676 1348 735 hastae,

54 772 294 838 segmina
334 787 467 820 mox
503 770 747 836 capitum
791 770 941 835 picto
985 770 1231 819 nutantia
1272 787 1430 829 cono,
1809 785 1859 837 85

53 867 165 917 »son
204 865 373 915 umeri
415 872 721 931 pectusque
763 872 1101 930 onerataque
1138 864 1393 913 bracchia
1426 863 1546 914 telis

52 960 324 1019 Exsistunt,
368 959 674 1025 crescitque
715 976 873 1024 seges
915 958 1151 1025 clipeata
1191 959 1451 1008 virorum.

49 1054 115 1105 {ic
153 1052 243 1103 ubi
283 1052 548 1104 tolluntur
588 1053 735 1103 festis
774 1052 965 1102 aulaea
1006 1052 1247 1112 theatriS,

47 1147 254 1213 {urgere
294 1147 450 1213 signa
486 1146 678 1205 solent,
722 1147 1075 1214 primumque
1117 1147 1406 1197 ostendere
1441 1147 1639 1207 vultus,

45 1240 215 1292 Cetera
254 1240 546 1307 paulatim;
607 1241 940 1307 placidoque
982 1241 1181 1291 educta
1220 1248 1409 1291 tenore
1807 1261 1858 1300 90

43 1335 159 1386 sota
196 1342 385 1401 patent
421 1335 642 1402 imoque
676 1335 847 1402 pedes
886 1336 937 1385 in
981 1336 1227 1401 margine
1265 1342 1491 1402 ponunt.

71 1516 256 1568 erritus
297 1516 455 1568 hoste
495 1535 637 1568 novo
677 1517 920 1569 Cadmus
962 1536 1159 1585 capere
1204 1536 1353 1568 arma
1391 1518 1635 1584 parabat.

45 1611 155 1661 ‘Ne
191 1612 375 1679 cape,''
415 1613 482 1661 de
521 1612 750 1679 populo,
794 1630 958 1679 quem
1000 1621 1143 1663 terra
1180 1621 1475 1671 creaverat,
1521 1630 1660 1662 unus

46 1703 67 1714 ἡ

1707 1582 1731 1602 θ

73 1705 320 1766 xclamat,
353 1710 500 1755 “nec
537 1714 589 1756 te
630 1707 880 1756 civilibus
923 1708 1098 1757 insere
1134 1707 1340 1757 bellis.”

35 1797 202 1865 Atque
239 1799 310 1849 ita
345 1800 630 1865 terrigenis
670 1801 847 1866 rigido
886 1802 953 1851 de
992 1801 1246 1851 fratribus
1282 1818 1450 1850 unum
1802 1826 1853 1867 95

34 1893 340 1943 comminus
382 1910 510 1943 ense
553 1893 703 1955 ferit;
765 1895 942 1944 iaculo
986 1895 1133 1945 cadit
1165 1895 1377 1944 eminus
1420 1895 1548 1961 ipse.

32 1984 125 2035 Hic
157 2003 394 2053 quoque,
441 1988 532 2054 qui
575 1988 683 2038 leto
726 1989 968 2045 dederat,
1010 2006 1117 2038 non
1159 1988 1375 2053 longius
1418 1988 1508 2038 illo

31 2077 175 2139 Vivit,
217 2088 270 2131 et
309 2082 553 2148 exspirat
598 2083 764 2132 modo
807 2100 942 2149 quas
986 2090 1287 2149 acceperat,
1331 2099 1504 2132 auras.

29 2268 401 2339 Exemploque
442 2274 557 2340 pari
600 2273 727 2325 furit
767 2275 944 2325 omnis
986 2275 1162 2335 turba,
1205 2293 1418 2342 suoque

28 2361 189 2414 Marte
229 2367 432 2417 cadunt
471 2368 635 2417 subiti
678 2385 776 2434 per
818 2377 1007 2418 mutua
1046 2369 1272 2419 vulnera
1313 2369 1518 2420 fratres.
1801 2387 1871 2414 100

26 2453 239 2524 Iamque
280 2459 459 2510 brevis
499 2461 643 2511 vitae
684 2463 924 2528 spatium
967 2463 1156 2513 sortita
1197 2464 1447 2513 iuventus

25 2546 326 2616 Sanguineo
367 2555 608 2620 tepidam
655 2555 954 2622 plangebat
995 2565 1219 2623 pectore
1262 2565 1505 2615 matrem,

24 2639 270 2712 Quinque
310 2648 723 2714 superstitibus3
772 2667 1009 2717 quorum
1052 2650 1152 2701 fuit
1191 2668 1330 2700 unus
1370 2650 1600 2702 Echion.

22 2838 71 2890 ἵε
107 2859 202 2894 sua
229 2843 355 2897 iecit
393 2846 564 2898 humo
607 2849 818 2900 monitu
859 2849 1160 2899 Tritonidis
1202 2866 1367 2907 arma,

21 2930 416 3007 Fraternaeque
458 2941 624 2992 fidem
668 2943 818 3009 pacis
859 2944 1125 3009 petiitque
1167 2944 1444 3010 deditque.
1800 2959 1871 2999 105

25 3025 137 3116 3Ιὶξοε
176 3035 355 3099 operis
397 3037 626 3086 comites
668 3036 860 3087 habuit
902 3037 1160 3087 Sidonius
1202 3037 1421 3103 hospeS,

19 3119 155 3173 *f'zssum
194 3128 379 3192 posuit
419 3129 620 3179 iussam
663 3130 933 3180 Phoebe'fs
975 3131 1213 3180 sortibus
1254 3131 1460 3180 urbem.

18 3219 57 3400 i.
