1982 3432
272 229 341 282 54
843 232 894 273 P.
938 222 1224 270 OVIDIUS
1271 217 1449 262 NASO

272 387 429 438 Luna
468 382 582 432 fuit.
663 377 931 444 Spectant
971 370 1241 423 iuvenem,
1285 359 1609 427 gladiosque
1651 352 1956 406 recondunt
1976 343 1982 364 ¹

343 479 655 542 Tergaque,
697 469 937 520 deducta
974 469 1141 519 veste,
1185 462 1375 506 notata
1412 452 1615 502 vident.
1974 430 1978 443 ’

272 575 431 626 Flent
471 582 713 636 quoque,
755 569 809 612 et
848 567 908 609 ut
946 571 1134 608 secum
1174 557 1390 602 tucatur
1429 544 1590 604 bella,
1632 546 1941 610 precantur.

345 663 588 718 Callidus
629 655 830 723 ignaris
872 649 1064 702 adnuit
1103 646 1190 696 ille
1230 642 1373 693 viris.

181 781 227 824 15
275 762 504 826 Iamque
546 762 761 823 potens,
806 747 972 797 misso
1015 741 1318 808 genitorem
1363 731 1608 800 appellat
1647 728 1842 788 amico,

346 849 613 904 Perdendi
655 843 864 896 Gabios
906 837 1057 906 quod
1099 833 1201 884 sibi
1245 834 1511 880 monstret
1550 825 1664 875 iter.

276 1234 393 1284 Illic
432 1227 764 1296 Tarquinius
807 1221 1065 1273 mandata
1104 1213 1327 1266 latentia
1367 1207 1478 1273 nati

182 1351 231 1379 20
347 1324 591 1392 Accipit,
634 1329 687 1372 et
726 1319 879 1383 virga
920 1314 1029 1364 lilia
1069 1324 1286 1361 summa
1327 1302 1497 1354 metit.

277 1524 517 1576 Nuntius
560 1528 618 1570 ut
659 1517 835 1575 rediit,
879 1514 1223 1575 decussaque
1264 1504 1375 1554 lilia
1415 1499 1570 1559 dixit,

349 1617 536 1675 Filius,
581 1611 904 1677 “Agnosco
947 1607 1092 1656 iussa
1131 1599 1422 1670 parentis,’'
1467 1597 1552 1646 ait.

278 1713 396 1763 Nec
439 1724 620 1768 mora;
669 1701 1012 1773 principibus
1054 1697 1226 1748 caesis
1269 1712 1339 1744 ex
1382 1691 1515 1742 urbe
1558 1686 1789 1744 Gabina,

351 1804 670 1855 Traduntur
711 1797 945 1849 ducibus
988 1790 1208 1843 moenia
1248 1788 1395 1838 nuda
1435 1784 1560 1835 suis.

724 2103 769 2142 5.
823 2097 924 2141 DE
964 2091 1210 2139 MORTE
1251 2084 1588 2132 PSJTTACJ.

285 2275 571 2332 PsittacuS,
613 2268 730 2320 eois
771 2262 1037 2316 imitatrix
1078 2259 1188 2310 ales
1231 2257 1298 2307 ab
1343 2255 1508 2314 Indis,

358 2366 595 2419 Occidit.
676 2358 988 2425 Exsequias
1030 2356 1100 2405 ite
1143 2352 1472 2418 frequenter,
1515 2364 1657 2399 aveS.

290 2457 384 2515 Ite,
428 2453 551 2521 piae
591 2449 860 2506 volucres,
903 2452 957 2494 et
996 2440 1240 2510 plangite
1282 2445 1508 2505 pectora
1548 2432 1745 2501 pinnis,

361 2549 432 2598 Et
473 2526 651 2612 rigido
691 2551 906 2593 teneras
948 2553 1133 2603 ungue
1176 2541 1362 2584 notate
1405 2527 1603 2596 genas!

223 2659 245 2702 5
294 2641 538 2693 Horrida
578 2656 678 2706 pro
721 2635 942 2687 maestis
983 2633 1216 2684 lanietur
1256 2628 1445 2695 pluma
1485 2620 1711 2689 capillis,

364 2738 467 2787 Pro
509 2735 676 2800 longa
716 2736 975 2782 resonent
1014 2725 1257 2777 carmina
1294 2728 1475 2772 vestra
1511 2713 1676 2768 tuba!
1956 2747 1959 2788 1

295 2927 443 2994 Quid
505 2924 684 2976 scelus
725 2920 940 2973 Ismarii
983 2915 1244 2985 quereriS‚
1288 2906 1607 2967 Philomela,
1648 2901 1903 2970 tyranni?

368 3021 611 3089 Expleta
650 3027 733 3069 est
772 3016 927 3067 annis
969 3014 1070 3063 ista
1110 3007 1355 3078 querella
1394 3003 1520 3055 suis.

296 3117 464 3169 Alitis
508 3117 561 3166 in
603 3130 754 3165 rarae
797 3111 1058 3161 miserum
1100 3105 1383 3156 devertere
1424 3097 1614 3148 funus:

207 3233 253 3261 10
372 3212 596 3275 Magna,
640 3207 737 3258 sed
779 3205 1003 3270 antiqua
1044 3207 1126 3250 cst
1164 3212 1331 3247 causa
1371 3189 1576 3243 doloris
1616 3186 1745 3251 Itys.
