1928 3437
290 213 355 264 78
863 222 913 264 Ρ.
959 218 1236 263 OVIDIUS
1284 215 1460 260 NASO

286 370 564 421 Battiades
605 384 825 434 semper
862 373 980 416 toto
1023 362 1332 413 cantabitur
1371 359 1534 410 orbe:

361 464 629 530 Quamvis
671 461 892 526 ingenio
935 476 1043 508 non
1084 457 1244 515 valet,
1287 463 1398 504 arte
1438 452 1599 503 valet.

195 571 242 613 Ι5
289 559 454 609 Nulla
495 555 814 622 Sophocleo
854 553 1036 602 veniet
1076 552 1283 600 iactura
1324 547 1625 607 cothurno;

362 651 504 703 Cum
545 649 659 700 sole
701 656 754 697 et
794 647 922 696 luna
961 661 1181 711 semper
1220 642 1426 692 Aratus
1466 639 1582 690 erit.

292 808 501 858 Ennius
543 814 656 856 arte
697 820 888 854 carens
930 800 1274 865 animosique
1316 796 1523 846 Accius
1565 792 1673 843 oris

364 901 634 952 Casurum
678 898 826 948 nullo
868 905 1120 962 tempore
1164 908 1365 942 nomen
1408 889 1628 939 habent.

290 993 988 1063 Varronem-primamque
1032 996 1202 1038 ratem
1246 1002 1387 1051 quae
1429 982 1637 1033 nesciet
1676 986 1842 1039 aetas,

196 1105 246 1132 20
364 1088 665 1154 Aureaque
706 1084 956 1136 Aesonio
998 1091 1153 1147 terga
1195 1080 1366 1147 petita
1405 1077 1569 1127 duci?

294 1183 553 1234 Carmina
592 1180 840 1231 sublimis
882 1186 1012 1228 tunc
1060 1183 1186 1226 sunt
1227 1173 1468 1240 peritura
1508 1167 1747 1228 Lucreti,

367 1276 555 1326 Exitio
596 1283 766 1325 terras
809 1289 935 1322 cum
977 1270 1132 1320 dabit
1172 1285 1279 1318 una
1320 1266 1452 1316 dies.

292 1372 513 1436 Tityrus
555 1377 609 1419 et
649 1375 864 1432 segetes
905 1365 1231 1429 Aeneiaque
1273 1377 1424 1411 arma
1464 1358 1731 1424 legentur,

368 1466 549 1514 Roma
588 1460 910 1527 triumphati
953 1459 1085 1508 dum
1127 1463 1294 1523 caput
1335 1453 1483 1504 orbis
1524 1451 1638 1501 erit.

199 1576 249 1617 25
297 1561 492 1609 Donec
534 1564 692 1606 erunt
732 1555 888 1620 ignes
931 1567 1212 1617 arcusque,
1243 1546 1529 1614 Cupidinis
1571 1560 1738 1604 arma,

370 1651 670 1702 Discentur
710 1647 938 1706 numeri,
982 1645 1124 1695 culte
1165 1642 1399 1701 Tibulle,
1441 1639 1536 1690 tui.

301 1808 449 1872 Ergo
492 1821 618 1854 cum
659 1802 855 1861 silices,
898 1816 1023 1849 cum
1067 1799 1201 1848 dens
1244 1794 1500 1863 patientis
1543 1790 1701 1841 aratri

372 1901 691 1966 Depereant
731 1913 883 1953 aevo,
927 1892 1170 1943 carmina
1211 1898 1388 1940 morte
1430 1894 1633 1937 carent.

300 1995 515 2045 Cedant
555 1990 888 2041 carminibus
931 2003 1086 2052 reges
1129 2000 1434 2051 regumque
1474 1977 1756 2046 triumphi,

203 2108 255 2148 30
374 2087 549 2138 Cedat
589 2094 642 2136 et
682 2082 897 2134 auriferi
942 2082 1059 2147 ripa
1100 2079 1341 2144 benigna
1382 2074 1552 2141 Tagi!

300 2182 444 2232 Vilia
485 2181 711 2230 miretur
750 2177 964 2242 vulgus.
1048 2173 1187 2224 Mihi
1230 2172 1402 2222 flavus
1443 2168 1653 2236 Apollo

374 2274 580 2325 Pocula
621 2272 858 2324 Castalia
899 2271 1061 2338 plena
1103 2268 1372 2318 ministret
1412 2280 1570 2330 aqua,

304 2369 733 2434 Sustineamque
775 2382 936 2415 coma
978 2369 1316 2420 metuentem
1359 2359 1562 2425 frigora
1603 2363 1873 2422 myrtum;

339 2463 645 2530 Atque'ita
683 2460 920 2511 sollicito
964 2457 1165 2507 multus
1207 2461 1425 2505 amante
1467 2452 1632 2517 legar.

208 2640 257 2681 35
306 2620 550 2670 Pascitur
591 2618 643 2667 in
682 2617 818 2667 vivis
859 2616 1054 2677 Livor;
1104 2622 1233 2682 post
1273 2614 1381 2664 fata
1421 2611 1670 2680 quiescit,

378 2713 520 2764 Cum
562 2729 691 2762 suus
733 2729 803 2760 ex
846 2711 1040 2760 merito
1083 2726 1362 2776 quemque
1403 2715 1588 2758 tuetur
1626 2705 1817 2755 honos.

307 2809 458 2873 Ergo
500 2807 664 2857 etiam
706 2823 832 2855 cum
876 2823 962 2855 me
1003 2821 1294 2871 supremus
1336 2800 1583 2852 adederit
1623 2798 1779 2863 ignis,

377 2901 593 2959 Vivam,
636 2917 875 2966 parsque
918 2899 1024 2948 mei
1068 2897 1239 2947 multa
1279 2903 1556 2962 superstes
1597 2893 1712 2942 erit.
