1950 3340
200 1487 247 1514 10

202 3059 248 3101 25
300 3044 371 3094 Et
410 3045 618 3104 tellure,
660 3046 823 3104 videt,
866 3054 1155 3113 totumque
1199 3046 1422 3113 inquirit
1461 3045 1514 3095 in
1555 3044 1762 3095 orbem.

297 172 398 224 152
869 183 919 223 P.
977 179 1262 222 ole1Us
1308 180 1486 222 NASO

991 469 1072 510 20.
1113 464 1334 509 FAMA.

296 897 602 962 Inspicitur,
647 902 1007 962 penetratque
1049 909 1210 942 cavas
1246 909 1360 942 vox
1402 892 1580 941 omnis
1622 891 1690 941 ad
1733 908 1901 940 aures.

295 990 466 1040 Fama
506 998 668 1047 tenet,
710 1004 1035 1053 summaque
1077 987 1308 1036 domum
1350 985 1451 1035 sibi
1494 985 1626 1050 legit
1666 984 1716 1034 in
1761 1001 1901 1045 arce,

294 1085 730 1149 Innumerosqne
773 1082 952 1131 aditus
995 1098 1056 1130 ac
1100 1080 1245 1129 mille
1288 1079 1556 1129 foramina
1594 1078 1751 1130 tectis

293 1177 544 1234 Addidit,
589 1187 641 1225 et
682 1176 841 1224 nullis
886 1174 1103 1224 inclusit
1145 1174 1331 1222 limina
1360 1174 1549 1239 portis.

294 1272 470 1321 Nocte
513 1271 711 1336 dieque
755 1276 919 1335 patet.
998 1268 1140 1318 Tota
1182 1276 1262 1317 est
1302 1285 1373 1317 ex
1414 1284 1537 1317 aere
1579 1266 1824 1328 sonanti;

293 1365 437 1414 Tota
479 1364 670 1421 fremit,
714 1380 990 1429 vocesque
1035 1361 1210 1419 refert,
1255 1362 1521 1428 iteratque
1563 1361 1713 1427 quod
1755 1359 1904 1410 audit
1949 1362 1950 1365 ’

294 1460 456 1508 Nulla
498 1460 651 1524 quies
695 1459 852 1516 intus,
900 1457 1156 1522 nullaque
1199 1456 1414 1505 silentia
1453 1463 1623 1522 parte.

296 1614 412 1663 Nee
454 1623 635 1663 tamen
679 1621 759 1662 est
802 1613 1024 1670 elamor,
1068 1612 1162 1661 sed
1206 1628 1406 1678 parvae
1449 1627 1730 1660 murmura
1765 1608 1903 1659 vocis

293 1708 490 1773 Qualia
532 1709 598 1756 de
642 1707 838 1773 pelagi,
883 1708 923 1755 si
967 1707 1086 1772 quis
1130 1705 1322 1772 procul
1365 1705 1566 1764 audiat,
1609 1704 1769 1753 undis

294 1802 426 1851 Iisse
469 1802 672 1857 solent;
725 1801 1012 1866 qualemve
1055 1816 1269 1857 sonum,
1313 1815 1437 1847 cum
1482 1797 1732 1864 Iuppiter
1771 1803 1906 1846 atras

294 1896 572 1962 Increpuit
614 1895 802 1953 nubes,
847 1902 1096 1943 extrema
1139 1892 1378 1942 tonitrua
1419 1891 1669 1940 reddunt.

291 2051 447 2100 Atria
487 2050 646 2100 turba
686 2058 849 2099 tenet.
928 2049 1172 2098 Veniunt
1213 2047 1329 2096 leve
1369 2046 1566 2111 vulgus
1608 2052 1880 2110 euntque;

292 2146 581 2211 Mixtaque
625 2162 748 2194 cum
792 2145 933 2193 veris
976 2142 1178 2209 passim
1221 2148 1536 2190 commenta
1571 2145 1841 2204 vagantur

294 2239 445 2288 Milia
488 2256 783 2295 rumorum,
829 2237 1169 2303 confusaque
1208 2234 1376 2284 verba
1416 2233 1680 2283 volutant.

293 2332 337 2381 li
380 2329 672 2398 quibus⁸l1i
718 2349 919 2382 vacuas
963 2332 1194 2398 implent
1233 2328 1578 2379 sermonibus
1620 2343 1794 2386 aures,

294 2426 365 2474 Ili
410 2416 623 2475 narrata
665 2425 841 2475 ferunt
883 2425 1005 2485 alio,
1050 2439 1416 2489 mensuraque
1457 2421 1568 2472 ficti

294 2519 517 2576 Crescit,
561 2527 613 2568 et
654 2519 850 2568 auditis
894 2519 1097 2584 aliquid
1142 2534 1316 2566 novus
1358 2516 1525 2565 adicit
1565 2522 1770 2566 auctor.

296 2674 409 2722 Illic
455 2672 778 2730 Credulitas,
823 2673 927 2721 illic
971 2672 1293 2723 temerarius
1337 2671 1506 2721 Error

294 2767 559 2831 Vanaque
605 2767 835 2816 Laetitia
876 2776 957 2816 est
998 2766 1442 2832 consternatique
1483 2765 1751 2824 Timores,

296 2859 616 2924 Seditioque
659 2877 853 2925 repens
896 2860 1177 2926 dubioque
1220 2867 1443 2909 auctore
1491 2857 1726 2909 Susurri.

299 2951 441 3017 Ipsa,
485 2953 614 3017 quid
659 2953 708 3001 in
751 2953 903 3002 caelo
947 2970 1125 3002 rerum
1170 2952 1485 3019 pelagoque
1526 2958 1747 3018 geratur
