1950 3340
195 1443 242 1483 35

187 1970 236 2006 40

218 2539 231 2547 -
285 2512 411 2578 Ipse
452 2531 579 2563 suos
622 2514 857 2579 gemitus
899 2514 1040 2565 foliis
1082 2515 1346 2577 inscribit,
1388 2523 1442 2567 et
1479 2527 1542 2567 AI
1580 2527 1644 2567 AI

299 181 400 232 148
870 193 919 234 P.
985 190 1267 234 OVIDIUS
1313 190 1490 233 NASO

298 340 358 388 In
399 340 595 398 vultus,
640 336 968 402 Hyacinthe,
1012 343 1149 384 tuos.
1229 333 1514 399 Expalluit
1553 351 1744 401 aeque,

297 436 476 497 Quam
519 449 667 496 puer,
711 431 825 495 ipse
868 430 1018 487 deus,
1062 427 1448 492 collapsosque
1490 427 1699 493 excipit
1738 436 1902 489 artus,

296 526 365 574 lit
408 526 572 574 modo
615 533 665 573 te
708 523 930 581 refovet,
975 521 1141 569 modo
1183 520 1355 570 tristia
1393 519 1619 569 vulnera
1658 521 1842 580 siccat,

295 619 453 667 Nunc
496 618 731 666 animam
774 615 1008 665 admotis
1051 614 1352 679 fugientem
1393 614 1624 663 sustinet
1665 613 1860 665 herbis

296 711 384 759 Nil
427 720 655 776 prosunt
696 719 865 768 artes;
921 717 1036 758 erat
1077 707 1481 756 immedicabile
1522 707 1735 756 vulnus.

293 805 366 854 L't
407 805 446 853 si
491 804 609 869 quis
650 804 819 852 violas
862 803 1086 867 riguove
1129 817 1407 867 papavera
1446 800 1499 849 in
1541 799 1701 850 horto

293 898 537 962 Liliaque
581 896 850 960 infringat,
896 895 1054 944 fulvis
1096 895 1373 944 horrentia
1415 894 1615 959 linguis

293 990 537 1038 Marcida
579 990 868 1039 demittant
908 989 1090 1038 subito
1133 996 1300 1054 caput
1341 988 1429 1037 illa
1468 988 1675 1038 vietum

291 1083 405 1132 Nec
447 1101 503 1132 se
544 1083 846 1132 sustineant
886 1090 1244 1148 spectentque
1287 1083 1571 1132 cacumine
1612 1090 1839 1144 terram;

292 1177 379 1226 Sic
422 1177 598 1226 vultus
643 1177 877 1225 moriens
922 1177 1061 1225 iacet
1105 1184 1158 1226 et
1198 1175 1414 1225 defecta
1452 1176 1641 1241 vigore

295 1270 419 1336 Ipsa
458 1270 559 1319 sibi
601 1279 682 1319 est
722 1270 871 1318 oneri
915 1270 1101 1318 cervix
1142 1287 1448 1336 umeroque
1489 1270 1771 1321 recumbit.

292 1423 580 1482 “Laberis,
625 1424 909 1483 Oebalide,
953 1425 1129 1490 prima
1170 1424 1416 1476 fraudate
1458 1426 1729 1488 iuventa,”

294 1517 543 1565 l'lioebus
585 1518 673 1576 ait,
717 1518 1039 1583 “videoque
1080 1526 1254 1578 tuum,
1298 1536 1422 1569 mea
1461 1520 1707 1582 crimina,
1747 1522 1901 1572 vulm

288 1611 366 1659 'l'u
412 1611 569 1659 dolor
608 1629 664 1660 es
706 1611 1025 1678 facinusque
1068 1630 1284 1674 meum;
1334 1631 1457 1663 mea
1496 1615 1728 1666 dextera
1767 1615 1876 1666 leto

290 1704 643 1754 Inscribenda
681 1714 775 1755 tuo
817 1705 927 1756 est!
1012 1706 1135 1772 Ego
1176 1723 1298 1756 sum
1339 1708 1437 1758 tibi
1479 1707 1682 1758 funeris
1722 1717 1903 1759 auctor

281 1855 433 1905 Talia
473 1856 602 1906 dum
644 1874 772 1906 vero
815 1866 1191 1910 memorantur
1230 1858 1510 1926 Apollinis
1551 1877 1662 1921 ore,

284 1948 428 1998 licce
470 1967 643 2010 cruor,
686 1952 777 2017 qui
820 1951 969 2002 fusus
1011 1953 1181 2003 humo
1223 1953 1535 2019 signaverat
1574 1954 1791 2017 herbas,

282 2041 497 2094 Desinit
537 2061 654 2094 esse
696 2062 869 2105 cruor,
910 2046 1191 2113 Tyrioque
1233 2047 1492 2098 nitentior
1530 2055 1681 2099 ostro

280 2136 408 2187 Flos
449 2139 635 2198 oritur,
677 2138 1023 2206 formamque
1064 2141 1213 2206 capit
1253 2158 1420 2207 quam
1460 2141 1588 2202 lilia,
1629 2142 1673 2192 si
1715 2158 1828 2193 non
1886 2169 1889 2171 ·

280 2231 589 2298 Purpureus
631 2233 782 2282 color
822 2233 920 2292 his,
952 2241 1243 2299 argenteus
1284 2242 1427 2284 esset
1466 2234 1520 2284 in
1561 2234 1679 2287 illis.

281 2323 409 2374 Non
451 2326 578 2375 satis
621 2326 725 2375 hoc
768 2326 993 2377 Phoebo
1035 2327 1273 2378 est—is
1314 2327 1461 2378 enim
1502 2327 1603 2380 fuit
1641 2336 1834 2380 auctor

494 2415 826 2478 honoris,—

281 2604 411 2655 Flos
452 2605 617 2657 habet
657 2607 992 2674 inscriptum,
1034 2607 1362 2676 funestaque
1403 2609 1580 2660 littera
1619 2609 1787 2662 ducta
1825 2615 1944 2676 est,

279 2763 395 2813 Nec
436 2766 689 2829 genuisse
731 2767 905 2833 pudet
945 2767 1181 2834 Sparten
1224 2767 1606 2835 Hyacinthon,
1647 2761 1950 2836 honorqu·'

282 2854 458 2906 Durat
499 2857 548 2906 in
591 2858 696 2908 hoc
737 2860 884 2920 aevi;
946 2861 1387 2928 celebrandaque
1429 2878 1581 2912 more
1621 2862 1868 2929 priorum

276 2947 479 2998 Annua
519 2951 761 3016 praelata
801 2953 1031 3005 redeunt
1072 2953 1411 3020 Hyacinthia
1448 2970 1676 3023 pompa.
