2018 3400
619 233 993 275 PHAETHON
1581 223 1682 273 102⁷)

5 370 64 443 nd,
103 390 252 441 frena
292 387 485 444 iacent,
528 384 634 433 illic
675 391 897 433 temone
940 382 1184 431 revulsus

51 487 104 546 is,
144 484 195 533 in
236 481 337 531 hac
380 478 514 528 radii
557 477 849 526 fractarum
892 483 1045 541 parte
1088 484 1346 535 rotarum,
1726 502 1799 543 275

0 574 27 607 Π]
64 592 252 644 rsaque
293 580 419 623 sunt
459 571 564 621 late
606 570 768 620 laceri
809 569 1040 634 vestigia
1081 586 1283 620 currus,

0 738 4 749 ·
62 715 352 773 Phaethbn,
396 711 585 762 rutilos
629 710 852 759 flamma
891 709 1195 775 populante
1237 709 1479 774 capillos,

52 813 187 863 vitur
227 811 278 859 in
321 825 586 875 praeceps
630 806 912 870 longoque
954 820 1052 869 per
1092 805 1217 851 aera
1258 812 1431 852 tractu

48 914 145 965 tur,
188 912 245 955 ut
286 904 558 954 interdum
600 902 668 951 de
710 899 863 948 caelo
906 897 1063 947 stella
1103 914 1295 945 sereno

43 1001 55 1063 [ἶ
97 1016 202 1048 non
245 998 458 1057 cecidit,
501 996 681 1063 potuit
724 993 987 1044 cecidisse
1028 991 1215 1040 videri.
1723 1002 1797 1040 280

44 1110 119 1143 em
159 1091 350 1159 procul
392 1109 422 1141 a
462 1091 637 1158 patria
678 1091 894 1139 diverso
938 1087 1215 1136 maximus
1258 1086 1391 1135 orbe

47 1186 159 1253 ,ipit
200 1186 486 1245 Eridanus,
530 1185 907 1251 fumantiaque
951 1183 1123 1232 abluit
1164 1199 1271 1231 ora.

0 1281 138 1333 15‚‚des
180 1280 483 1346 Hesperiae
525 1279 706 1330 trifida
746 1279 1012 1328 fumantia
1054 1277 1276 1327 flamma

0 1375 15 1406 Η
49 1391 179 1440 pora
215 1374 346 1424 dant
382 1374 613 1433 tumulo,
649 1373 868 1439 signant
905 1390 1129 1439 quoque
1165 1373 1404 1422 carmine
1447 1389 1671 1421 saxum:

43 1479 53 1516 ἶ
90 1478 252 1518 SITUS
291 1479 398 1517 EST
438 1469 796 1527 PHAETHON,
837 1479 1076 1518 CURRUS
1115 1479 1347 1517 AURIGA
1388 1477 1672 1525 PATERNIJ
1722 1473 1792 1525 285

0 1571 113 1634 mEM
151 1572 202 1612 SI
238 1572 364 1611 NON
403 1572 644 1621 TENUIT,
684 1574 913 1612 MAGNIS
951 1573 1162 1612 TAMEN
1200 1573 1451 1612 EXCIDIT
1487 1571 1670 1611 AUSIS.

47 1701 293 1767 qualidus
335 1702 539 1752 interea
579 1703 796 1768 genitor
837 1703 1194 1754 Phaethontis
1237 1711 1290 1754 et
1330 1721 1530 1771 expers

96 1795 174 1845 sui
217 1796 446 1856 decoris,
490 1797 664 1863 qualis
707 1815 833 1847 cum
877 1798 1064 1848 deficit
1106 1799 1296 1848 orbem

31 1905 66 1938 Ι6
104 1889 256 1950 solet,
298 1890 590 1957 lucemque
633 1892 750 1941 odit
790 1910 959 1958 seque
1003 1893 1119 1959 ipse
1162 1894 1437 1958 diemque,

31 1999 147 2048 „que
187 1984 428 2034 animum
471 1985 522 2033 in
563 1985 741 2035 luctus
787 1994 840 2036 et
881 1987 1117 2037 luctibus
1160 1988 1325 2036 adicit
1366 1988 1515 2045 iram,
1717 1998 1790 2036 290

30 2075 296 2143 iciumque
338 2087 503 2144 negat
545 2080 767 2130 mundo.

865 2201 893 2221 “
921 2197 1114 2252 Satis,’'
1158 2198 1347 2263 inquit,
1391 2197 1509 2246 “ab
1552 2197 1668 2246 aevi

28 2300 61 2333 's
100 2301 219 2335 mea
259 2287 542 2354 principiis
588 2289 689 2340 fuit
731 2290 1052 2357 inrequieta,
1096 2292 1360 2357 pigetque

27 2384 195 2428 torum
235 2380 348 2429 sine
390 2381 496 2431 fine
540 2383 688 2443 mihi,
733 2385 848 2434 sine
893 2384 1103 2434 honore
1146 2385 1413 2434 laborum.

29 2469 174 2522 ilibet
213 2473 346 2524 alter
390 2483 518 2540 agat
558 2485 842 2542 portantes
885 2478 1091 2528 lumina
1133 2478 1351 2528 currus!

29 2579 183 2615 nemo
225 2575 320 2627 est,
363 2586 668 2636 omnesque
709 2571 796 2620 dei
838 2589 947 2620 non
990 2589 1153 2637 posse
1195 2572 1446 2631 fatentur,
1711 2580 1784 2622 295

30 2672 57 2706 6
95 2667 246 2724 agat;
296 2669 355 2712 ut
395 2663 606 2723 saltem,
650 2665 782 2714 dum
826 2673 1039 2715 nostras
1079 2673 1314 2732 temptat
1354 2665 1612 2725 habenas,

24 2757 198 2802 Datura
237 2763 418 2820 patres
462 2757 758 2823 aliquando
801 2758 1029 2808 fulmina
1069 2767 1254 2825 ponat.

25 2858 75 2892 m
112 2846 259 2907 sciet,
305 2849 627 2916 ignipedum
668 2852 809 2902 vires
851 2860 1115 2919 expertus
1157 2870 1442 2919 equorum,

25 2951 56 3025 ⁴1
93 2941 351 2991 meruisse
393 2960 602 3004 necem,
646 2945 739 3010 qui
781 2962 890 2994 non
932 2946 1073 2995 bene
1115 2946 1317 2996 rexerit
1356 2945 1526 2995 illos’¹

22 3026 39 3152 W‘!

40 3077 80 3126 ia
116 3079 387 3131 dicentem
428 3083 784 3136 circumstant
823 3085 1009 3135 omnia
1050 3084 1238 3136 Solem
1705 3121 1780 3160 300

33 3169 182 3242 mina,
223 3190 357 3224 neve
399 3176 530 3226 velit
568 3177 822 3228 tenebras
864 3179 1122 3228 inducere
1164 3178 1342 3237 rebus,

21 3213 34 3245 ΓἿ
