1982 3442
197 2202 246 2242 35

199 2670 249 2706 40

285 185 353 236 &6
863 194 915 234 P.
964 191 1249 235 OVIDIUS
1295 189 1474 232 NASO

284 353 314 374 '⁶
337 348 466 398 Non
504 364 611 413 ego
651 363 753 414 pro
793 343 983 395 mundi
1024 359 1194 407 regno
1237 340 1413 406 magis
1453 340 1650 390 anxius
1691 339 1781 390 illa
1953 412 1955 429 A

284 441 639 508 Tempestate
681 440 772 499 sui,
814 455 922 504 qua
963 444 1185 486 centum
1227 435 1463 501 quisque
1505 433 1735 500 parabat
1931 446 1935 494 ξ

286 535 494 583 Inicere
534 532 934 598 Anguipedum
976 530 1194 596 captivo
1236 527 1494 577 bracchia
1534 526 1704 578 eaelo.

287 627 430 677 Nam
487 642 825 693 quamquam
881 624 1024 674 ferus
1090 622 1260 672 hostis
1325 629 1457 681 erat,
1516 627 1702 671 tamen
1766 619 1900 671 illud

428 738 535 770 uno

285 813 532 880 Corpore
573 822 626 863 et
668 830 737 862 ex
780 829 886 862 una
927 810 1205 878 pendebat
1244 809 1454 874 origine
1496 807 1719 859 bellum.

285 908 443 957 Nunc
487 907 634 966 mihi,
676 923 784 972 qua
824 914 997 955 totum
1039 904 1250 953 Nereus
1292 904 1664 952 circumsonat
1703 901 1915 962 orbern,
1977 901 1980 909 ’

288 1002 629 1050 Perdendum
672 1008 753 1049 est
794 999 1022 1047 mortale
1065 1014 1253 1062 genus.
1335 997 1433 1045 Per
1474 995 1700 1045 flumina
1740 995 1860 1045 iuro

1976 1007 1981 1030 Ι

288 1093 478 1148 Infera.
518 1093 618 1142 sub
659 1101 800 1141 terra
841 1091 1037 1156 Stygio
1080 1090 1317 1139 labentia
1358 1088 1500 1149 luco,
1954 1141 1966 1167 Η

287 1186 499 1237 Cuncta
541 1186 687 1252 prius
729 1193 1011 1251 temptata.
1094 1183 1202 1233 Sed
1246 1182 1650 1232 immedicabile
1690 1181 1887 1233 vulnus
1955 1165 1966 1191 ⁵

288 1281 433 1330 Ense
475 1280 832 1329 recidendum
873 1286 968 1337 est,
1012 1294 1078 1326 ne
1119 1294 1244 1343 pars
1286 1276 1496 1326 sincera
1534 1275 1796 1326 trahatur.
1954 1255 1959 1297 ⁵

1954 1370 1968 1424 l:

289 1454 482 1505 “Sunt
524 1454 653 1503 mihi
696 1453 939 1512 semidei,
981 1461 1107 1502 sunt
1147 1453 1348 1503 rustica
1389 1453 1630 1512 numina,
1675 1424 1966 1530 Nymphai<

290 1549 572 1614 Faunique
614 1548 905 1613 Satyrique
948 1556 1001 1596 et
1043 1547 1371 1596 monticolae
1415 1546 1649 1599 Silvani:
1953 1539 1957 1564 ¹

291 1642 446 1706 Quos
488 1642 748 1707 quoniam
789 1641 922 1690 caeli
966 1641 1210 1689 nondum
1252 1641 1543 1706 dignamur
1583 1640 1813 1698 honore,

293 1734 444 1800 Quas
486 1736 754 1792 dedimus,
797 1743 943 1784 certe
984 1742 1153 1784 terras
1195 1734 1440 1784 habitare
1481 1734 1741 1786 sinamus,

291 1828 380 1877 An
423 1829 566 1885 satis,
611 1828 658 1878 O
701 1829 901 1894 superi,
945 1836 1093 1878 tutos
1135 1827 1249 1877 fore
1291 1828 1511 1878 creditis
1553 1828 1691 1888 illos,

293 1922 432 1971 Cum
475 1922 620 1978 mihi,
665 1922 756 1987 qui
799 1921 1021 1980 fulmen,
1065 1922 1156 1988 qui
1198 1939 1295 1971 vos
1337 1921 1630 1988 habeoque
1672 1938 1933 1989 regoque,

295 2014 567 2065 Struxerit
608 2015 828 2064 insidias
871 2023 1031 2065 notus
1075 2014 1284 2065 feritate
1327 2015 1642 2081 Lycaon?”

295 2190 685 2241 Confremuere
727 2207 936 2249 omnes,
979 2191 1284 2256 studiisque
1327 2190 1644 2241 ardentibus
1685 2207 1879 2240 ausum

293 2285 445 2334 Talia
485 2286 810 2351 deposcunt.
892 2283 1001 2343 Sic,
1046 2301 1171 2333 cum
1216 2301 1408 2334 manus
1451 2284 1620 2351 impia
1659 2284 1832 2336 saevit

296 2377 571 2443 Sanguine
615 2377 885 2428 Caesareo
929 2378 1242 2427 Romanum
1283 2378 1635 2444 exstinguere
1665 2394 1884 2438 nomen,

295 2467 608 2521 Attonitum
650 2479 802 2521 tanto
844 2471 1057 2521 subitae
1098 2479 1305 2522 terrore
1347 2471 1536 2522 ruinae

300 2564 617 2614 Humanum
662 2582 832 2630 genus
874 2574 955 2616 est
994 2573 1255 2632 totusque
1297 2565 1612 2633 perhorruit
1651 2565 1817 2616 orbis.

297 2657 411 2707 Nec
453 2659 547 2708 tibi
592 2667 743 2724 grata
785 2659 961 2709 minus
1004 2660 1196 2725 pietas,
1239 2659 1514 2726 Auguste,
1554 2667 1776 2710 tuorum
1817 2667 1915 2720 est,

298 2751 477 2816 Quam
520 2752 619 2803 fuit
659 2753 747 2801 illa
788 2753 921 2803 Iovi.
1025 2752 1134 2818 Qui
1176 2761 1474 2820 postquam
1513 2770 1652 2804 voce
1694 2743 1965 2820 manuqu}

299 2845 583 2895 Murmura
623 2847 962 2913 compressit,
1005 2855 1229 2897 tenuere
1271 2847 1485 2898 silentia
1525 2847 1726 2898 cuncti.
1960 2833 1965 2898 i

300 2938 552 2989 Substitit
593 2948 650 2990 ut
690 2940 910 2999 clamor,
954 2958 1172 3007 pressus
1215 2941 1479 3007 gravitate
1521 2940 1778 3008 regentiS,

302 3030 551 3098 Iuppiter
591 3033 695 3082 hoc
738 3034 932 3083 iterum
973 3051 1226 3084 sermone
1267 3034 1481 3084 silentia
1523 3034 1697 3102 rupit:
