2018 3400
681 210 1057 266 PHAETnoN

625 493 670 530 ι
720 479 1131 534 ΡΗΑΕΓΗακ

373 646 642 705 Phaethon,
653 647 804 707 filius
830 647 973 704 Salis,
989 654 1184 707 patrem
1211 650 1392 696 visitat.

0 810 31 846 ⁴³0
78 812 253 878 Regia
290 810 433 862 Solis
471 819 586 861 erat
622 810 950 860 sublimibus
993 811 1099 861 alta
1135 813 1421 873 columnis,

56 906 165 957 lara
199 907 432 955 micante
471 923 604 955 auro
639 904 1001 971 flammasque
1045 906 1288 956 imitante
1331 924 1580 974 pyropo3

45 1000 174 1050 iuius
210 1000 347 1048 ebur
384 999 616 1049 nitidum
659 999 875 1064 fastigia
917 1016 1132 1048 summa
1174 1000 1413 1064 tegebat,

43 1093 236 1159 »rgenti
275 1092 477 1141 bifores
517 1091 805 1142 radiabant
845 1092 1050 1141 lumine
1089 1093 1289 1143 valvae.

41 1244 134 1292 ‘uo
174 1226 336 1277 simul
375 1227 584 1275 acclivo
628 1226 951 1291 Clymeneia
993 1227 1162 1276 limite
1205 1228 1388 1293 proles

39 1320 184 1380 7enit,
225 1329 279 1370 et
320 1320 538 1370 intravit
579 1320 813 1369 dubitati
852 1329 997 1369 tecta
1038 1321 1294 1386 parentis,

37 1414 263 1479 'rotinus‘
298 1415 365 1463 ad
408 1414 615 1480 patrios
657 1431 755 1463 sua
796 1412 898 1463 fert
936 1415 1168 1479 vestigia
1206 1416 1388 1465 vultus

37 1508 380 1574 'onsistitque
422 1507 644 1574 procul;
708 1525 886 1573 neque
929 1509 1075 1557 enim
1118 1510 1382 1575 propiora
1423 1510 1633 1561 ferebat

56 1601 254 1651 umina.
336 1601 616 1667 Purpurea
652 1601 862 1650 velatus
905 1610 1056 1652 veste
1098 1603 1327 1653 sedebat

38 1712 70 1745 n
105 1696 242 1745 solio
285 1694 542 1744 Phoebus
584 1694 740 1744 claris
781 1695 997 1745 lucente
1033 1697 1353 1761 smaragdis.

99 1789 294 1839 dextra
334 1789 598 1854 laevaque
642 1789 774 1838 Dies
817 1798 871 1839 et
910 1790 1117 1839 Mensis
1159 1798 1211 1840 et
1248 1790 1446 1840 Annus

50 1883 346 1950 aeculaque
388 1892 441 1933 et
478 1884 691 1950 positae
734 1884 923 1949 spatiis
961 1884 1282 1949 aequalibus
1328 1883 1517 1933 Horae

59 1994 224 2044 erque
265 1995 472 2027 novum
513 1977 694 2027 stabat
736 1978 975 2026 cinctum
1016 1976 1245 2026 florente
1289 1994 1509 2035 corona,

25 2071 196 2121 >tabat
236 2072 383 2121 nuda
424 2070 626 2120 Aestas
675 2079 727 2119 et
769 2071 954 2136 spicea
994 2078 1135 2119 serta
1178 2070 1417 2135 gerebat,

53 2164 199 2215 tabat
238 2173 290 2214 et
330 2164 650 2214 Autumnus
691 2164 913 2213 calcatis
955 2164 1208 2212 sordidus
1251 2163 1383 2222 uvis,

22 2256 79 2307 Et
116 2257 357 2323 glacialis
400 2258 612 2318 Hiems,
656 2275 823 2307 canos
867 2257 1075 2306 hirsuta
1117 2257 1358 2323 capillos.

20 2395 142 2448 [nde
182 2398 306 2448 loco
347 2397 562 2449 n'iedius
604 2415 785 2448 rerum
828 2398 1067 2447 novitate
1110 2406 1403 2462 paventem

19 2489 104 2542 Sol
142 2493 314 2543 oculis
357 2494 628 2552 iuvenem,
671 2492 871 2558 quibus
915 2492 1111 2557 aspicit
1152 2491 1351 2550 omnia,
1394 2492 1543 2551 vidit,

219 2680 418 2746 petisti,

15 2770 314 2838 Progenies,
357 2774 657 2832 Phaethon,
702 2773 846 2823 haud
891 2773 1172 2822 infitianda
1212 2772 1504 2839 parenti?”

13 2901 105 2954 Ille
145 2907 323 2967 refert,
354 2911 383 2932 ‘⁴
410 2907 458 2958 O
500 2906 596 2956 lux
638 2906 890 2955 immensi
934 2906 1156 2971 publica
1197 2906 1404 2963 mundi,

12 2995 226 3049 Phoebe
266 3009 436 3066 pater,
466 3000 508 3049 si
549 3001 646 3049 das
686 2999 849 3048 huius
895 2999 1026 3047 mihi
1069 2999 1304 3047 nominis
1347 3015 1523 3057 usum,

11 3088 238 3156 Pignora
276 3095 360 3151 da,
405 3094 634 3158 genitor,
665 3110 763 3158 per
805 3110 945 3158 quae
986 3100 1079 3142 tua
1117 3108 1245 3140 vera
1286 3109 1537 3157 propago

12 3180 225 3243 Credar,
254 3195 308 3236 et
347 3187 492 3236 hunc
533 3186 727 3235 animis
768 3202 1009 3234 errorem
1050 3184 1276 3234 detrahe
1318 3184 1566 3234 nostris.''

1803 1714 1848 1740 10

27 2582 259 2649 ‘Quae'’
293 2604 399 2653 que
430 2587 600 2636 “viae
652 2586 751 2635 tibi
793 2590 994 2635 causa?
1051 2584 1200 2649 Quid
1256 2584 1411 2644 hac‚”
1453 2586 1539 2645 ait,
1572 2591 1746 2635 “arce

1793 2782 1842 2808 20
