1950 3340
155 1655 198 1682 10

141 2723 190 2752 20

268 164 369 215 144
838 178 872 218 P
934 175 1217 218 OVIDIUS
1263 175 1441 216 NASO

623 438 700 478 16.
756 436 1085 478 ORPHEUS
1121 435 1223 476 ET
1256 434 1630 477 EURJJ'DJCE.

621 577 838 636 Orpheus
862 576 915 620 E
918 575 1137 635 mydicen
1163 574 1302 634 apud
1320 575 1497 635 inferos
1506 576 1642 636 petit.

332 728 463 777 Inde
505 745 602 794 per
643 728 969 776 immensum
1012 742 1210 775 croceo
1250 724 1462 774 velatus
1502 724 1704 775 amictu

257 820 499 870 Aethera
540 821 856 885 digreditur,
900 819 1284 885 Ciconumque
1330 817 1689 883 Hymenaeus
1729 819 1798 869 ad
1839 836 1912 870 or:

255 912 470 969 Tendit,
514 922 566 963 et
607 912 832 979 Orphea
872 913 1209 978 nequiquam
1250 928 1387 961 voce
1427 919 1673 963 vocatur.

253 1006 449 1056 Adfuit
490 1007 575 1056 ille
617 1007 856 1072 quidem,
900 1007 996 1055 sed
1039 1023 1139 1055 nec
1181 1005 1468 1055 sollemnia
1506 1005 1676 1056 verba

253 1099 367 1148 Nec
411 1100 579 1149 laetos
619 1100 798 1149 vultus
841 1117 940 1149 nec
982 1099 1114 1148 felix
1156 1099 1336 1149 attulit
1375 1116 1555 1150 omen.

252 1193 368 1241 Fax
410 1211 645 1258 quoque,
690 1210 853 1258 quam
895 1193 1086 1251 tenuit,
1130 1192 1423 1241 lacrimoso
1465 1192 1693 1243 stridula
1732 1192 1887 1244 sumo
1939 1252 1943 1259 ²

251 1286 439 1352 L'sque
482 1286 593 1345 fuit,
638 1286 927 1352 nullosque
970 1286 1174 1336 invenit
1214 1285 1456 1336 motibus
1498 1286 1669 1352 igneS.

250 1451 445 1502 Exitus
487 1454 732 1520 auspicio
775 1454 1004 1519 gravior.
1085 1453 1229 1503 Nam
1273 1461 1447 1520 nupta
1486 1471 1585 1520 per
1624 1453 1823 1504 herbas

248 1545 393 1594 Dum
438 1564 577 1596 nova
618 1548 873 1596 naiadum
916 1547 1075 1597 turba
1116 1547 1377 1597 comitata
1417 1555 1662 1612 vagatur,

246 1638 477 1697 Occidit,
522 1641 570 1689 in
613 1641 781 1690 tulum
823 1642 1092 1707 serpentis
1135 1642 1298 1690 dente
1340 1648 1581 1707 recepto.

245 1730 425 1795 Quam
467 1734 592 1782 satis
635 1735 700 1783 ad
744 1752 968 1799 superas
1010 1743 1308 1800 postquam
1352 1733 1718 1801 Rhodope'sus
1759 1738 1900 1785 aura':

243 1825 480 1876 Deflevit
519 1836 684 1886 vates,
729 1845 794 1876 ne
838 1845 944 1877 non
986 1837 1284 1895 temptaret
1324 1836 1377 1878 et
1419 1828 1657 1888 umbras,

241 1918 330 1967 Ad
374 1919 544 1984 Styga
583 1922 849 1971 Taenaria
890 1930 970 1972 est
1011 1940 1174 1972 ausus
1215 1923 1551 1972 descendere
1593 1930 1780 1990 porta;

242 2011 447 2078 I'erque
490 2013 632 2063 leves
674 2015 911 2080 populos
953 2016 1357 2083 simulacraque
1398 2016 1584 2066 functa
1624 2015 1899 2083 sepulchrc
1943 2008 1950 2041 ²

242 2105 623 2171 Persephonen
666 2109 797 2158 adiit
838 2109 1240 2176 inamoenaque
1285 2127 1454 2174 regna
1494 2118 1773 2160 tenentem

240 2197 571 2249 Umbrarum
614 2202 916 2254 dominum.
997 2203 1283 2270 Pulsisque
1325 2205 1393 2254 ad
1435 2204 1679 2254 carmina
1718 2203 1903 2254 nervis>
1947 2216 1950 2234 ¹

239 2291 326 2341 Sic
370 2293 467 2342 ait:

498 2414 504 2423 '
548 2428 646 2478 “O
691 2430 851 2494 positi
894 2431 995 2481 sub
1036 2440 1179 2482 terra
1222 2435 1446 2483 numina
1487 2434 1694 2494 mundi,

239 2516 298 2566 In
342 2535 502 2583 quem
548 2523 888 2583 reccidimus,
933 2526 1198 2592 quicquid
1243 2527 1472 2577 mortale
1515 2543 1780 2588 creamur,

239 2610 291 2659 Si
336 2612 474 2669 licet,
519 2623 569 2662 et
612 2614 724 2664 falsi
769 2618 961 2682 positis
1004 2619 1331 2685 ambagibus
1372 2621 1480 2671 oris

236 2703 378 2752 Vera
419 2705 566 2771 loqui
610 2709 792 2768 sinitis,
837 2729 944 2761 non
986 2712 1108 2772 huc,
1152 2722 1212 2764 ut
1251 2732 1429 2781 opaca
1468 2715 1714 2765 viderem

234 2796 472 2857 Tartara,
517 2802 803 2861 ‹lescendi;
859 2822 957 2854 nec
999 2807 1074 2856 uti
1115 2807 1307 2857 villosa
1347 2808 1587 2858 colubris

234 2889 410 2939 Terna
454 2892 732 2944 Medusaei
775 2898 1034 2948 vincirem
1077 2909 1299 2965 guttura
1339 2903 1583 2953 monstri.

235 3040 464 3092 “Causa
504 3046 620 3094 viae
662 3048 918 3107 coniunx,
963 3051 1013 3100 in
1057 3070 1220 3118 quam
1263 3054 1471 3106 calcata
1508 3070 1781 3112 venenum

235 3132 441 3200 Vipera
481 3137 709 3197 diffudit,
753 3152 1169 3210 crescentesque
1211 3146 1434 3198 abstulit
1473 3165 1662 3199 annos.
