2018 3400
563 181 653 223 DE
699 177 936 221 MORTE
985 172 1292 216 PSITTACI

102 348 268 390 mnes,
312 344 452 395 quae
495 323 704 390 liquido
747 318 955 369 libratis
997 316 1049 365 in
1092 319 1214 363 a'erc
1257 328 1461 369 cursus,

115 426 196 476 Tu
238 432 422 473 tamen
465 426 588 468 ante
631 415 775 475 alias,
824 419 1001 461 turtur
1041 408 1232 465 amice,
1275 403 1433 454 dole!

0 506 23 542 m
46 520 206 572 Plena
246 516 346 566 fuit
384 512 540 564 vobis
582 509 730 559 omni
773 503 1070 555 concordia
1108 500 1232 558 vita,

116 612 188 663 Et
225 609 374 660 stetit
413 607 480 656 ad
523 604 689 653 finem
731 600 897 664 longa
936 605 1215 661 tenaxque
1258 592 1411 641 fides.

59 706 211 773 vjuod
253 703 352 753 fuit
392 698 660 765 Argolico
704 693 912 744 iuvenis
955 691 1204 740 Phoceus
1247 686 1496 746 Orestae,

64 785 78 798 k
117 799 242 849 Hoc
283 793 398 855 tibi,
441 794 573 843 dum
615 788 782 848 licuit,
826 786 1075 842 Psittace,
1118 788 1295 832 turtur
1335 786 1462 829 erat.

47 1003 193 1070 Quid
234 1009 417 1051 tamen
459 998 561 1047 ista
601 995 753 1052 fides,
798 990 929 1058 quid
974 988 1076 1038 rari
1119 987 1296 1036 forma
1336 984 1552 1043 coloris,

117 1095 264 1162 Quid
306 1110 418 1143 vox
460 1088 735 1140 mutandis
777 1084 1062 1150 ingeniosa
1102 1080 1267 1139 sonis,

47 1190 192 1257 Quid
234 1189 397 1246 iuvat,
439 1193 499 1234 ut
539 1184 698 1232 datus
740 1197 812 1238 es,
856 1185 1072 1227 nostrae
1115 1173 1387 1242 placuisse
1429 1171 1685 1240 puellae?

118 1282 332 1341 Infelix,
375 1279 554 1330 avium
600 1275 791 1342 gloria,
834 1288 1034 1338 nempe
1077 1267 1252 1319 iaces!

46 1465 125 1516 Tu
167 1471 386 1531 poteras
427 1459 645 1526 fragiles
687 1456 867 1524 pinnis
909 1454 1170 1505 hebetare
1215 1450 1558 1518 smaragdos,

115 1558 309 1608 Tincta
350 1571 544 1621 gerens
586 1552 750 1602 rubro
794 1550 998 1600 Punica
1039 1556 1214 1598 rostra
1253 1564 1434 1597 croco.

48 1653 171 1703 Non
212 1651 312 1701 fuit
353 1650 405 1699 in
446 1648 601 1699 terris
641 1663 844 1696 vocum
886 1643 1233 1694 simulantior
1274 1641 1414 1691 ales:

119 1745 412 1797 Reddebas
453 1744 640 1793 blaeso
681 1749 794 1792 tarn
835 1740 977 1790 bene
1017 1737 1186 1788 verba
1225 1754 1380 1788 sonO.

52 1934 260 2000 Raptus
300 1950 357 1982 es
399 1931 616 1982 invidia.
695 1929 822 1979 Non
864 1936 920 1978 tu
964 1926 1077 1976 fera
1117 1925 1260 1975 bella
1301 1921 1580 1973 movebas,

123 2026 383 2077 Garrulus
425 2034 479 2076 et
519 2024 770 2092 placidae
813 2022 964 2089 pacis
1006 2028 1219 2070 amator
1259 2036 1393 2068 eras.

56 2122 212 2181 Ecce,
255 2121 564 2172 coturnices
607 2120 745 2170 inter
785 2135 884 2168 sua
924 2116 1134 2184 proelia
1172 2114 1378 2173 vivunt,

124 2216 376 2267 Forsitan
416 2223 470 2266 et
509 2214 643 2265 fiant
681 2213 808 2263 inde
849 2211 1164 2278 frequenter
1204 2225 1355 2258 anus.

58 2414 250 2465 Plenus
291 2431 409 2464 eras
451 2412 697 2472 minim0‚
741 2427 843 2460 nec
884 2426 1015 2476 prae
1056 2405 1325 2458 sermonis
1367 2420 1555 2455 amore

129 2507 193 2558 In
233 2507 434 2558 multos
475 2514 696 2573 poteras
738 2521 834 2554 ora
872 2519 1069 2553 vacare
1111 2501 1278 2551 cibos.

58 2601 188 2652 Nux
227 2609 342 2652 erat
381 2617 507 2652 esca
545 2600 644 2651 tibi
685 2614 997 2664 causaeque
1038 2611 1316 2663 papavera
1357 2590 1551 2652 somni,

130 2695 482 2762 Pellebatque
523 2694 668 2744 sitim
709 2691 974 2759 simplicis
1015 2706 1177 2740 umor
1217 2705 1409 2756 aquae.

62 2883 209 2935 Vivit
247 2885 390 2935 edax
428 2884 626 2943 vultur,
669 2883 989 2948 ducensque
1031 2897 1130 2947 per
1170 2884 1294 2929 aera
1335 2892 1502 2944 gyros

135 2978 355 3039 Miluus,
397 2986 451 3029 et
490 2977 709 3045 pluviae
751 2974 1007 3042 graculus
1049 2981 1242 3023 auctor
1282 2985 1488 3037 aquae;

38 3048 212 3153 ‚pf-Vivit
250 3080 304 3122 et
343 3071 627 3122 armiferae
668 3070 863 3120 cornix
903 3068 1078 3119 invisa
1118 3066 1417 3123 Minervae,

138 3164 238 3215 Illa
276 3166 501 3232 quidem
541 3164 733 3215 saeclis
772 3164 868 3213 vix
909 3162 1175 3212 moritura
1214 3174 1444 3209 novem:

1841 702 1886 744 15

1839 1297 1889 1325 20

1845 1936 1895 1979 25

1850 2509 1902 2550 30

1856 3063 1906 3105 35
