2018 3400
11 216 15 238 ⁸
502 212 614 254 IRA
661 209 841 252 IOVIS
890 210 975 251 ET
1023 210 1372 254 DILUVIUM

68 363 288 417 Nomine
341 359 623 414 Parnasus,
665 362 1039 421 superantque
1082 354 1370 402 cacumina
1413 356 1601 406 nubes.

0 459 15 512 'l
70 459 167 509 Hic
208 454 295 505 ubi
336 450 659 507 Deucalion,
705 464 831 497 nam
873 455 1056 497 cetera
1095 455 1308 497 texerat
1349 465 1572 514 aequor,

67 552 192 603 Cum
233 553 484 598 consorte
524 543 626 593 tori
669 559 836 609 parva
876 549 988 591 rate
1029 549 1219 591 vectus
1261 541 1525 602 adhaesit,

67 641 346 710 Corycidas
388 637 661 704 nymphas
703 644 756 686 et
797 636 1022 685 numina
1063 636 1264 685 montis
1306 637 1552 696 adorant,

67 737 460 799 Fatidicamque
501 731 754 790 Themin,
798 747 939 796 quae
981 738 1110 779 tunc
1153 730 1338 779 oracla
1377 730 1609 781 tenebat.

65 833 178 883 Non
217 829 304 879 illo
345 827 538 877 melior
579 826 871 892 quisquam
916 841 1014 873 nec
1058 824 1328 873 amantior
1369 825 1528 890 aequi

14 900 17 915 i
64 925 152 977 Vir
188 923 295 983 suit,
338 930 430 972 aut
470 921 560 970 illa
600 919 932 970 metuentior
976 918 1085 968 ulla
1125 919 1374 969 deorum.

67 1119 298 1188 Iuppiter
348 1125 408 1169 ut
459 1117 678 1183 liquidis
733 1124 988 1181 stagnare
1042 1114 1337 1181 paludibus
1391 1115 1600 1175 orbem,

66 1214 129 1265 Et
174 1229 451 1280 superesse
503 1211 653 1260 videt
705 1211 773 1259 de
828 1218 910 1259 tot
963 1209 1130 1258 modo
1187 1208 1405 1258 milibus
1459 1227 1646 1271 unum,

67 1308 130 1359 Et
169 1323 450 1373 superesse
490 1306 639 1354 videt
679 1305 747 1354 de
788 1312 871 1354 tot
913 1304 1081 1352 modo
1125 1303 1345 1352 milibus
1387 1320 1567 1364 unam,

13 1408 40 1452 Ἄ,
66 1401 320 1452 Innocuos
360 1399 569 1459 ambos,
613 1399 851 1448 cultores
894 1398 1131 1447 numinis
1173 1397 1383 1457 ambos,

65 1487 249 1538 Nubila
287 1487 512 1546 disiecit,
557 1486 868 1552 nimbisque
912 1484 1168 1551 aquilone
1212 1486 1436 1535 remotis

67 1581 129 1632 Et
163 1581 306 1631 caelo
346 1589 514 1631 terras
557 1580 799 1630 ostendit
839 1587 893 1629 et
934 1579 1157 1629 aethera
1197 1580 1369 1630 terris.

36 1715 168 1842 3{lec
206 1771 361 1820 maris
403 1771 478 1820 ira
519 1779 721 1831 manet,
766 1772 1062 1837 positoque
1103 1772 1405 1838 tricuspide
1446 1772 1555 1821 telo

34 1852 257 1935 {Inssulcet
298 1879 465 1928 aquas
507 1870 687 1912 rector
727 1862 925 1928 pelagi,
967 1880 1245 1929 supraque
1287 1863 1625 1929 profundum

36 1941 369 2005 ³Exstantem
411 1965 575 2023 atque
618 1974 837 2006 umeros
886 1958 1072 2007 innato
1116 1959 1322 2007 murice
1362 1966 1570 2008 tectum

68 2046 372 2100 Caeruleum
411 2051 639 2102 Tritona
677 2061 856 2112 vocat,
900 2053 1260 2120 conchaeque
1302 2054 1518 2104 sonanti

68 2140 315 2209 Inspirare
356 2146 520 2206 iubet,
565 2147 876 2215 fluctusque
919 2157 972 2198 et
1013 2148 1239 2198 flumina
1279 2149 1437 2214 signo

83 2234 168 2285 'am
207 2255 454 2290 revocare
495 2242 641 2292 dato.
722 2241 872 2292 Cava
914 2243 1112 2293 bucina
1152 2243 1384 2293 sumitur
1425 2243 1495 2292 illi

35 2309 284 2393 llTortilis,
326 2335 377 2384 in
417 2335 588 2386 latum
631 2355 771 2404 quae
812 2339 1030 2388 turbine
1072 2339 1268 2388 crescit
1309 2338 1376 2387 ab
1419 2338 1546 2396 imo,

45 2403 268 2490 'inminet
311 2446 449 2495 quae
492 2432 676 2482 medio
720 2433 979 2499 concepit
1021 2433 1113 2483 ubi
1156 2438 1280 2482 a‘era
1321 2440 1510 2499 ponto,

64 2515 236 2641 {sitora
272 2539 405 2574 voce
446 2526 620 2593 replet
660 2527 762 2577 sub
805 2535 1040 2594 utroque
1082 2527 1315 2577 iacentia
1357 2526 1597 2575 Phoebo.

78 2703 308 2786 fontigiss
349 2722 401 2764 et
440 2715 638 2765 cecinit
678 2716 854 2766 iussos
897 2706 1083 2765 inflata
1126 2723 1395 2781 receptus,

80 2797 321 2856 Omnibus
362 2809 546 2860 audita
585 2817 668 2860 est
706 2810 913 2860 telluris
956 2818 1009 2860 et
1050 2810 1305 2876 aequoris
1347 2808 1522 2867 undis,

82 2890 139 2944 Et
172 2898 360 2963 quibus
400 2910 482 2953 est
520 2904 679 2954 undis
721 2904 923 2963 audita,
966 2903 1211 2953 coercuit
1250 2919 1458 2952 omnes,

40 2974 43 3022 1²
81 2983 303 3043 Flumina
341 2995 644 3057 subsidunt,
689 2998 969 3064 collesque
1010 2997 1160 3047 exire
1200 2997 1482 3056 videntur;

91 2609 206 2670 June
243 2633 479 2686 quoque,
523 2633 582 2671 ut
622 2639 717 2671 ora
758 2622 844 2671 dei
889 2622 1109 2671 madida
1150 2621 1388 2671 rorantia
1428 2619 1598 2669 barba

64 3074 181 3132 «Iam
222 3103 362 3138 mare
401 3090 525 3141 litus
565 3090 748 3151 habet,
792 3092 986 3158 plenos
1028 3091 1177 3156 capit
1217 3090 1401 3139 alveus
1443 3104 1646 3145 amnes,

81 3168 245 3241 Surgit
280 3179 504 3245 humus;
552 3193 806 3236 crescunt
846 3185 969 3234 loca
1008 3182 1453 3233 decrescentibus
1495 3180 1670 3230 undis,

1720 200 1783 250 591

1833 1121 1904 1160 160

1834 1594 1915 1653 165-

1836 2635 1908 2677 175

1835 3081 1908 3121 180
