1982 3442
189 386 257 427 ¹35

194 857 265 893 ¹40

197 1325 265 1364 145

194 2134 265 2174 ¹50

196 2603 264 2642 ¹55

195 3189 265 3228 160

301 217 403 269 100
874 225 926 267 Ρ.
973 221 1258 265 ovmlus
1306 219 1482 261 NAso

305 373 559 437 Occupat
599 368 685 418 ille
727 367 903 416 levem
945 362 1178 413 iuvenali
1220 378 1455 427 corpore
1495 378 1733 422 currum,
1929 422 1931 425 v

306 466 532 530 Statque
573 478 754 528 super,
798 458 1161 522 manibusque
1203 456 1356 505 datas
1398 455 1718 520 contingere
1758 455 1942 518 habero

306 559 535 615 Gaudet,
579 564 630 605 et
672 554 838 604 invito
882 560 1061 617 grates
1103 550 1215 615 agit
1256 549 1381 598 inde
1423 549 1651 615 parenti.

309 652 521 700 Interea
561 649 825 705 volucres,
873 645 1062 710 Pyrois
1103 652 1157 693 et
1198 643 1350 692 Eous
1392 651 1446 692 et
1484 641 1730 703 Aethon,
1919 607 1940 743 Χ..

309 746 449 794 Solis
492 743 632 808 equi,
677 749 1012 807 quartusque
1056 738 1316 802 Phlegon,
1359 736 1660 786 hinnitibus
1701 753 1859 786 auras

311 835 669 886 Flammiferis
712 833 942 900 implent
983 831 1329 898 pedibusque
1373 829 1638 896 repagula
1677 811 1941 896 pulsanti

310 934 466 994 Quae
509 938 802 995 postquam
847 926 1074 990 Tethys,
1119 924 1355 974 fatorum
1398 923 1588 988 ignara
1629 923 1863 989 nepotis,

311 1023 588 1088 Reppulit,
633 1031 685 1071 et
727 1021 868 1071 facta
909 1028 990 1069 est
1031 1018 1283 1069 immensi
1325 1017 1489 1083 copia
1532 1017 1740 1077 mundi,

311 1115 638 1182 Corripuere
680 1115 841 1172 viam,
885 1114 1232 1180 pedibusque
1273 1129 1372 1179 per
1411 1112 1537 1160 aera
1579 1110 1742 1160 motis

313 1210 609 1259 Obstantes
651 1209 907 1258 scindunt
949 1207 1173 1256 nebulas
1216 1205 1523 1272 pennisque
1565 1204 1729 1255 levati

315 1302 663 1352 Praetereunt
703 1310 853 1351 ortos
896 1301 1068 1350 isdem
1111 1301 1179 1350 de
1220 1299 1467 1366 partibus
1508 1315 1685 1350 euros.

1935 1390 1940 1433 ἔ

442 1553 610 1613 Equos
639 1553 780 1609 Solis,
807 1551 895 1613 qui
917 1552 1044 1597 viam
1071 1551 1360 1612 relinquunt,
1388 1551 1639 1598 Phak'tlzon
1666 1566 1823 1611 regere
1843 1565 1953 1597 non¹

1112 1638 1277 1693 potest.

383 1744 490 1795 Sed
536 1745 651 1793 leve
695 1745 921 1810 pondus·
955 1751 1083 1802 erat,
1121 1761 1220 1792 nec
1258 1744 1408 1810 quod
1444 1761 1785 1810 cognoscere
1826 1760 1939 1811 poss

313 1839 452 1888 Solis
496 1838 953 1904 equi,.solitaque
997 1838 1185 1902 iugum
1230 1838 1496 1903 gravitate
1539 1838 1778 1889 carebat.

313 1933 498 1998 L'tque
542 1932 726 1981 labant
767 1948 965 1980 curvae
1008 1931 1149 1981 iusto
1191 1932 1305 1981 sine
1349 1933 1596 1998 pondere
1637 1948 1804 1982 naves

315 2028 521 2092 Perque
565 2043 711 2074 mare
755 2025 1034 2074 instabiles
1076 2025 1243 2074 nimia
1285 2025 1502 2076 levitate
1544 2025 1806 2086 feruntur,

312 2121 400 2169 Sic
443 2138 606 2169 onere
649 2120 878 2169 adsueto
920 2136 1124 2168 vacuus
1166 2120 1259 2169 dat
1300 2120 1351 2168 in
1394 2124 1517 2169 ae'ra
1556 2120 1724 2170 saltus

312 2214 736 2280 Succutiturque
781 2213 886 2262 alte
928 2213 1231 2279 similisque
1272 2222 1355 2263 est
1395 2230 1584 2263 currus
1625 2213 1786 2264 inani.

314 2306 478 2372 Quod
522 2308 748 2356 simulac
792 2324 1026 2366 sensere,
1070 2316 1234 2357 ruunt
1273 2308 1573 2374 tritumque
1616 2307 1931 2374 relinquunt

310 2400 635 2471 Quadrii'ugi
679 2402 917 2466 spatium
961 2418 1076 2460 nec,
1121 2419 1232 2467 quo
1275 2402 1440 2467 prius,
1483 2386 1674 2451 ordine
1715 2408 1941 2450 currunt

314 2493 439 2559 lpse
482 2503 657 2560 pavet.
738 2495 853 2544 Nec
897 2513 1005 2561 qua
1046 2497 1368 2545 commissas
1399 2496 1583 2546 flectat
1623 2495 1882 2554 habenas,

312 2587 427 2636 Nec
469 2588 586 2646 scit,
629 2605 738 2653 qua
778 2589 845 2638 sit
885 2589 1012 2650 iter;
1069 2606 1185 2649 nee,
1228 2590 1269 2639 si
1311 2590 1462 2649 sciat,
1506 2591 1739 2658 imperet
1775 2589 1897 2641 illis,

307 2807 448 2857 Tum
491 2810 729 2875 primum
775 2812 934 2861 radiis
978 2813 1142 2877 gelidi
1186 2814 1401 2865 caluere
1440 2816 1671 2867 Triones

308 2901 379 2952 Et
418 2903 586 2952 vetito
630 2903 824 2954 frustra
865 2914 1204 2972 temptarunt
1245 2926 1485 2975 aequore
1525 2910 1675 2976 tingi.

310 2994 580 3062 Quaeque
622 2997 753 3063 polo
796 2999 975 3064 posita
1017 3008 1099 3050 est
1141 3001 1355 3066 glaciali
1400 3004 1657 3076 proxima
1697 3003 1947 3071 SerpenS,

310 3088 534 3153 Frigore
576 3091 732 3156 pigra
773 3092 921 3157 prius
964 3110 1062 3142 nec
1105 3094 1464 3146 formidabilis
1506 3098 1616 3157 ulli,

313 3180 546 3234 Incaluit
585 3186 931 3251 sumpsitque
974 3203 1143 3237 novas
1185 3189 1490 3240 fervoribus
1531 3191 1649 3240 iraS.
