1950 3340
234 459 283 500 50

238 967 283 1008 55

236 2052 285 2104 65

240 2598 289 2634 70
338 2587 642 2646 Proximus,
687 2592 872 2641 audito
915 2595 1092 2644 sonitu
1139 2613 1236 2661 per
1279 2597 1437 2647 inane
1480 2596 1785 2664 pharetrae,

329 180 430 231 134
898 194 948 235 P.
994 192 1276 234 OVIDIUS
1323 191 1497 233 NASO

327 342 418 392 An
461 343 564 391 dea
603 343 722 401 sim,
765 342 1002 391 dubitor.
1082 340 1293 405 Perque
1334 338 1519 387 omnia
1558 337 1779 387 saecula
1817 328 1911 388 cul!

331 436 552 491 Arceor,
596 436 643 485 O
688 436 812 493 nati,
856 435 955 483 nisi
996 451 1093 482 vos
1135 432 1463 491 succurritis,
1505 432 1625 482 aris.

329 529 444 577 Nee
487 529 644 577 dolor
685 529 771 576 hie
812 528 988 586 solus;
1040 527 1157 576 diro
1199 525 1450 575 convicia
1490 524 1634 575 facto

328 620 572 670 Tantalis
615 621 829 679 adiecit,
872 638 1080 685 vosque
1123 627 1204 669 est
1245 627 1581 685 postponere
1623 619 1761 670 natis

328 714 485 763 Ausa
525 715 650 773 suis,
694 723 747 764 et
788 714 1148 780 me‚--quod
1190 713 1243 763 in
1283 714 1457 779 ipsam
1496 713 1905 764 recidatl—or
1945 745 1950 753 =

331 809 502 866 Dixit,
545 817 598 858 et
638 808 888 857 exhibuit
928 808 1172 873 linguam
1214 806 1481 857 scelerata
1520 807 1857 874 paternam.''

330 956 634 1006 Adiectura
676 974 866 1023 preces
909 964 1023 1006 erat
1063 955 1146 1005 his
1189 956 1404 1006 Latona
1445 955 1654 1006 relatis:

1194 1054 1222 1073 (ί

333 1050 672 1099 “Desine!''
738 1049 992 1098 Phoebus
1046 1050 1135 1107 ait,
1246 1067 1460 1115 poenae
1514 1067 1669 1100 mora
1720 1050 1889 1116 longa

546 1143 675 1191 rella
716 1143 845 1192 est.’'

335 1237 491 1285 Dixit
532 1237 674 1285 idem
723 1236 958 1286 Phoebe.
1042 1236 1333 1304 Celerique
1375 1255 1473 1305 per
1514 1245 1638 1288 aera
1677 1239 1833 1306 lapsu

334 1329 693 1394 Contigerant
732 1331 861 1379 teeti
908 1330 1214 1380 Cadmeida
1258 1332 1495 1382 nubibus
1537 1349 1737 1384 arcem.

336 1485 530 1533 Planus
572 1493 685 1534 erat
727 1485 944 1551 lateque
990 1495 1184 1552 patens
1225 1505 1400 1554 prope
1443 1487 1661 1538 moenia
1700 1474 1915 1557 campuv¹

334 1579 599 1629 Adsiduis
643 1581 889 1647 pulsatus
933 1582 1101 1647 equis,
1147 1582 1236 1631 ubi
1279 1583 1439 1632 turba
1481 1591 1721 1633 rotarum

336 1674 598 1740 Duraque
642 1675 911 1724 mollierat
953 1675 1227 1725 subiectas
1270 1676 1476 1741 ungula
1517 1677 1756 1741 glaebas.

338 1769 460 1817 l'ars
504 1768 572 1817 ibi
618 1769 684 1817 de
727 1778 938 1834 septem
987 1770 1182 1833 genitis
1223 1769 1547 1835 Amphione
1588 1770 1755 1821 fortes

335 1864 730 1915 Conscendunt
773 1867 820 1914 in
869 1883 1060 1932 equos,
1103 1865 1385 1931 Tyrioque
1428 1863 1679 1913 rubentia
1719 1882 1852 1914 suco

333 1958 514 2023 Terga
555 1969 828 2025 premunt,
876 1977 1123 2025 auroque
1166 1975 1360 2024 graves
1404 1959 1760 2008 moderantur
1799 1958 1900 2008 hat

337 2053 379 2100 li
422 2053 620 2118 quibus
665 2054 929 2111 Ismenus,
976 2055 1107 2103 dum
1152 2060 1363 2102 certum
1405 2051 1576 2102 flectit
1617 2051 1667 2101 in
1710 2052 1900 2102 orbern

333 2333 463 2381 Tela
506 2335 656 2396 gerit,
702 2334 975 2401 frenisque
1019 2353 1180 2385 manu
1227 2336 1494 2385 moriente
1536 2335 1777 2384 remissis

339 2426 397 2474 In
443 2414 578 2476 latus
621 2445 649 2475 a
691 2429 887 2478 dextro
930 2430 1192 2495 paulatim
1235 2429 1429 2479 defluit
1470 2445 1640 2479 armo.

337 2772 496 2822 Nube
539 2774 674 2838 fugit
714 2777 842 2837 visa,
887 2781 1295 2848 pendentiaque
1338 2785 1582 2851 undique
1624 2791 1804 2834 rector

338 2866 576 2915 (ku-basa
618 2869 854 2929 deducit,
899 2890 964 2921 ne
1007 2892 1115 2939 qua
1156 2875 1286 2925 levis
1329 2877 1512 2928 effluat
1551 2895 1695 2930 aura.

341 2958 510 3007 Frena
551 2968 729 3011 tamen
776 2965 994 3015 dantem
1039 2985 1143 3017 non
1188 2970 1442 3020 evitabile
1483 2970 1650 3021 telum

242 3069 291 3109 75
340 3050 720 3117 Consequitur,
765 3075 1092 3125 summaque
1136 3070 1375 3113 tremens
1419 3065 1632 3115 cervice
1673 3066 1872 3130 sagitta
1932 3072 1950 3122 ui

343 3142 547 3203 Haesit,
591 3154 644 3196 et
684 3151 935 3201 exstabat
978 3155 1185 3204 nudum
1226 3157 1293 3205 de
1337 3165 1555 3222 gutture
1596 3157 1813 3208 ferrum.
