2018 3400
437 182 798 225 DISCESSUS
847 181 914 223 IN
960 182 1177 224 EXSILI
1193 184 1289 225 UM

42 325 338 391 aelestique
378 325 512 384 viro,
554 325 676 390 quis
718 341 804 373 me
844 325 1127 390 deceperit
1167 342 1330 383 error,

63 419 262 478 Dicite,
304 435 404 484 pro
447 417 610 484 culpa
650 434 717 466 ne
758 417 936 467 scelus
977 435 1095 467 esse
1136 419 1322 483 putet!

35 513 67 563 't
104 513 255 579 quod
298 529 396 561 vos
436 511 602 570 scitis,
644 528 857 577 poenae
899 529 1122 577 quoque
1164 513 1364 563 sentiat
1403 521 1610 574 auctor,

64 605 282 656 Placato
323 622 552 671 possum
595 622 704 654 non
748 605 910 653 miser
951 622 1069 654 esse
1110 606 1271 656 deo.''

31 774 115 824 [ac
156 790 319 841 prece
360 774 583 823 adoravi
625 791 857 840 superos
899 791 1021 839 eg0‚
1065 774 1313 841 pluribus
1355 792 1512 836 uxor,

63 869 313 933 Singultu
358 868 568 917 medios
610 868 946 934 impediente
988 886 1172 919 sonos.

29 961 90 1012 lla
129 962 291 1012 etiam
332 971 455 1011 ante
498 961 664 1011 Lares
705 962 879 1028 passis
920 963 1159 1013 adstrata
1199 963 1408 1030 capillis

64 1054 310 1121 Contigit
348 1055 651 1106 exstinctos
692 1073 786 1106 ore
827 1064 1095 1107 tremente
1137 1057 1308 1117 focos,

27 1149 279 1215 iultaque
321 1149 373 1198 in
415 1150 674 1199 adversos
717 1150 909 1200 effudit
947 1150 1117 1201 verba
1156 1152 1386 1202 Penates

65 1244 166 1294 Pro
208 1243 495 1310 deplorato
538 1260 649 1293 non
689 1244 921 1294 valitura
959 1246 1091 1295 virO.

24 1423 222 1474 amque
265 1423 447 1456 morae
489 1406 726 1472 spatium
771 1423 884 1456 nox
925 1406 1284 1473 praecipitata
1325 1406 1579 1472 negabat,

63 1501 345 1567 Versaque
387 1500 454 1549 ab
496 1518 600 1549 axe
641 1517 741 1549 suo
784 1500 1060 1549 Parrhasis
1101 1499 1306 1549 Arctos
1347 1507 1476 1550 erat.

55 1595 144 1645 uid
185 1594 456 1645 facerem?
535 1593 747 1643 Blando
789 1594 998 1660 patriae
1040 1593 1314 1644 retinebar
1354 1609 1571 1655 amore;

67 1688 276 1739 Ultima
315 1689 411 1738 sed
454 1688 631 1738 iussae
672 1704 787 1737 nox
828 1696 944 1738 erat
984 1687 1074 1737 illa
1114 1687 1289 1753 fugae.

19 1856 80 1908 Q!
137 1857 391 1924 quotiens
432 1856 615 1924 aliquo
658 1856 774 1906 dixi
816 1864 1165 1922 properante,
1209 1855 1407 1921 “Quid
1449 1860 1647 1922 urges?

67 1951 170 2002 Vel
210 1969 321 2018 quo
363 1950 583 2001 festines
626 1951 717 2010 ire,
760 1950 845 2000 vel
887 1951 1048 2010 unde,
1089 1949 1243 1999 vide!
1270 1950 1295 1968 ''

17 2044 81 2095 Q!
126 2046 379 2112 quotiens
420 2053 624 2094 certam
667 2062 753 2094 me
794 2061 915 2094 sum
958 2044 1216 2094 mentitus
1258 2044 1461 2096 habere

70 2138 299 2200 Horam,
341 2139 661 2207 propositae
703 2156 845 2206 quae
886 2138 1027 2189 foret
1067 2146 1196 2205 apta
1240 2138 1376 2190 viae.

15 2309 105 2359 ser
143 2309 308 2360 limen
348 2310 521 2376 tetigi,
563 2317 645 2361 ter
685 2327 807 2360 sum
849 2316 1157 2369 revocatuS,
1201 2316 1255 2359 et
1294 2308 1412 2376 ipse

71 2402 369 2469 Indulgens
411 2404 594 2453 animo
635 2422 733 2471 pes
776 2402 908 2453 mihi
949 2404 1136 2453 tardus
1178 2410 1308 2453 erat.

14 2495 178 2563 Saepe
215 2497 336 2546 vale
377 2497 525 2547 dicto
567 2515 751 2548 rursus
792 2514 915 2548 sum
956 2497 1128 2547 multa
1168 2496 1402 2556 locutus,

73 2588 145 2640 Et
183 2590 337 2656 quasi
379 2591 666 2641 discedens
709 2591 899 2641 oscula
937 2607 1154 2641 summa
1194 2590 1334 2640 dedi,

13 2681 178 2749 Saepe
218 2685 412 2734 eadem
453 2685 711 2734 mandata
751 2684 878 2734 dedi
920 2701 1120 2751 meque
1161 2683 1278 2751 ipse
1319 2683 1501 2745 fefelli,

72 2775 392 2844 Respiciens
432 2778 604 2828 oculis
645 2779 879 2844 pignora
918 2795 1044 2827 cara
1085 2778 1236 2829 meis.

218 3037 459 3106 inquam,

1663 172 1728 223 71

11 2943 273 3012 Denique,
303 2949 333 2971 “
355 2945 505 3011 Quid
533 2951 811 3013 propero?
890 2945 1121 3012 Scythia
1149 2954 1245 3007 est,
1275 2964 1387 3013 quo
1427 2946 1742 3007 mittimur,’'

79 3131 311 3182 “Roma
349 3133 708 3202 relinquenda
745 3141 842 3185 est.
923 3133 1175 3200 Utraque
1217 3134 1358 3184 iusta
1399 3151 1553 3184 mora
1593 3142 1690 3185 est.

1777 626 1828 662 40

1780 1169 1830 1211 45

1786 1700 1835 1743 50

1789 2329 1837 2373 55
