<?xml version="1.0" encoding="UTF-8"?>
<!DOCTYPE html PUBLIC "-//W3C//DTD XHTML 1.0 Transitional//EN"
    "http://www.w3.org/TR/xhtml1/DTD/xhtml1-transitional.dtd">
<html xmlns="http://www.w3.org/1999/xhtml" xml:lang="en" lang="en">
 <head>
  <title>
</title>
<meta http-equiv="Content-Type" content="text/html;charset=utf-8" />
  <meta name='ocr-system' content='tesseract 3.04.00' />
  <meta name='ocr-capabilities' content='ocr_page ocr_carea ocr_par ocr_line ocrx_word'/>
</head>
<body>
  <div class='ocr_page' id='page_1' title='image "./povidiinasonisca00ovid_0140.png"; bbox 0 0 1966 3421; ppageno 0'>
   <div class='ocr_carea' id='block_1_1' title="bbox 242 186 1422 238">
    <p class='ocr_par' dir='ltr' id='par_1_1' title="bbox 242 186 1422 238">
     <span class='ocr_line' id='line_1_1' title="bbox 242 186 1422 238; baseline 0 -2"><span class='ocrx_word' id='word_1_1' title='bbox 242 186 345 236; x_wconf 72' lang='lat'><strong>112</strong></span> <span class='ocrx_word' id='word_1_2' title='bbox 819 198 869 238; x_wconf 90' lang='lat' dir='ltr'><strong>P.</strong></span> <span class='ocrx_word' id='word_1_3' title='bbox 913 193 1197 237; x_wconf 74' lang='lat' dir='ltr'><strong>OVIDIUS</strong></span> <span class='ocrx_word' id='word_1_4' title='bbox 1246 191 1422 236; x_wconf 91' lang='lat' dir='ltr'>NASO</span> 
     </span>
    </p>
   </div>
   <div class='ocr_carea' id='block_1_2' title="bbox 129 335 1878 686">
    <p class='ocr_par' dir='ltr' id='par_1_2' title="bbox 129 335 1878 686">
     <span class='ocr_line' id='line_1_2' title="bbox 318 335 1878 397; baseline -0.003 -5"><span class='ocrx_word' id='word_1_5' title='bbox 318 343 432 392; x_wconf 87' lang='lat' dir='ltr'><strong>Iam</strong></span> <span class='ocrx_word' id='word_1_6' title='bbox 475 342 691 391; x_wconf 86' lang='lat' dir='ltr'><strong>stabant</strong></span> <span class='ocrx_word' id='word_1_7' title='bbox 731 339 973 388; x_wconf 85' lang='lat' dir='ltr'><strong>Thebae.</strong></span> <span class='ocrx_word' id='word_1_8' title='bbox 1052 337 1275 386; x_wconf 80' lang='lat' dir='ltr'>Poteras</span> <span class='ocrx_word' id='word_1_9' title='bbox 1317 335 1442 394; x_wconf 86' lang='lat' dir='ltr'><strong>iam,</strong></span> <span class='ocrx_word' id='word_1_10' title='bbox 1484 335 1712 397; x_wconf 83' lang='lat' dir='ltr'>Cadme,</span> <span class='ocrx_word' id='word_1_11' title='bbox 1754 338 1878 388; x_wconf 89' lang='lat' dir='ltr'><strong>vide</strong></span> 
     </span>
     <span class='ocr_line' id='line_1_3' title="bbox 246 429 1572 495; baseline -0.005 -10"><span class='ocrx_word' id='word_1_12' title='bbox 246 436 455 485; x_wconf 76' lang='lat' dir='ltr'><strong>Exsilio</strong></span> <span class='ocrx_word' id='word_1_13' title='bbox 499 435 644 484; x_wconf 73' lang='lat' dir='ltr'><strong>felix.</strong></span> <span class='ocrx_word' id='word_1_14' title='bbox 725 433 833 482; x_wconf 78' lang='lat' dir='ltr'><strong>Sed</strong></span> <span class='ocrx_word' id='word_1_15' title='bbox 875 432 1081 480; x_wconf 88' lang='lat' dir='ltr'><strong>scilicet</strong></span> <span class='ocrx_word' id='word_1_16' title='bbox 1121 429 1312 479; x_wconf 90' lang='lat' dir='ltr'><strong>ultima</strong></span> <span class='ocrx_word' id='word_1_17' title='bbox 1352 446 1572 495; x_wconf 92' lang='lat' dir='ltr'><strong>semper</strong></span> 
     </span>
     <span class='ocr_line' id='line_1_4' title="bbox 129 523 1552 595; baseline -0.003 -18"><span class='ocrx_word' id='word_1_18' title='bbox 129 551 198 578; x_wconf 77' lang='lat'><strong>110</strong></span> <span class='ocrx_word' id='word_1_19' title='bbox 246 528 635 595; x_wconf 73' lang='lat' dir='ltr'>Exspectanda</span> <span class='ocrx_word' id='word_1_20' title='bbox 676 528 789 576; x_wconf 85' lang='lat' dir='ltr'><strong>dies</strong></span> <span class='ocrx_word' id='word_1_21' title='bbox 832 525 1056 583; x_wconf 84' lang='lat' dir='ltr'><strong>homini,</strong></span> <span class='ocrx_word' id='word_1_22' title='bbox 1099 524 1317 590; x_wconf 87' lang='lat' dir='ltr'><strong>dicique</strong></span> <span class='ocrx_word' id='word_1_23' title='bbox 1359 523 1552 574; x_wconf 88' lang='lat' dir='ltr'><strong>beatus</strong></span> 
     </span>
     <span class='ocr_line' id='line_1_5' title="bbox 240 616 1713 686; baseline -0.003 -14"><span class='ocrx_word' id='word_1_24' title='bbox 240 622 388 672; x_wconf 78' lang='lat' dir='ltr'><strong>Ante</strong></span> <span class='ocrx_word' id='word_1_25' title='bbox 430 622 643 671; x_wconf 85' lang='lat' dir='ltr'><strong>obitum</strong></span> <span class='ocrx_word' id='word_1_26' title='bbox 686 635 846 668; x_wconf 85' lang='lat' dir='ltr'><strong>nemo</strong></span> <span class='ocrx_word' id='word_1_27' title='bbox 889 634 1259 686; x_wconf 85' lang='lat' dir='ltr'><strong>supremaque</strong></span> <span class='ocrx_word' id='word_1_28' title='bbox 1301 616 1491 668; x_wconf 86' lang='lat' dir='ltr'><strong>funera</strong></span> <span class='ocrx_word' id='word_1_29' title='bbox 1530 617 1713 668; x_wconf 92' lang='lat' dir='ltr'><strong>debet.</strong></span> 
     </span>
    </p>
   </div>
   <div class='ocr_carea' id='block_1_3' title="bbox 477 869 1722 914">
    <p class='ocr_par' dir='ltr' id='par_1_3' title="bbox 477 869 1722 914">
     <span class='ocr_line' id='line_1_6' title="bbox 477 869 1722 914; baseline -0.002 0"><span class='ocrx_word' id='word_1_30' title='bbox 477 877 525 914; x_wconf 92' lang='lat'><strong>8.</strong></span> <span class='ocrx_word' id='word_1_31' title='bbox 577 872 664 913; x_wconf 67' lang='lat' dir='ltr'><strong>BA</strong></span> <span class='ocrx_word' id='word_1_32' title='bbox 678 870 901 913; x_wconf 71' lang='lat' dir='ltr'><em>CCHUS</em></span> <span class='ocrx_word' id='word_1_33' title='bbox 940 872 1041 913; x_wconf 81' lang='lat' dir='ltr'><strong>ET</strong></span> <span class='ocrx_word' id='word_1_34' title='bbox 1074 871 1170 912; x_wconf 72' lang='lat' dir='ltr'><strong>NA</strong></span> <span class='ocrx_word' id='word_1_35' title='bbox 1186 871 1374 913; x_wconf 79' lang='lat' dir='ltr'><em>UTAE</em></span> <span class='ocrx_word' id='word_1_36' title='bbox 1415 869 1722 912; x_wconf 80' lang='lat' dir='ltr'><em>PERFJDJ.</em></span> 
     </span>
    </p>
   </div>
   <div class='ocr_carea' id='block_1_4' title="bbox 496 992 1711 1052">
    <p class='ocr_par' dir='ltr' id='par_1_4' title="bbox 496 992 1711 1052">
     <span class='ocr_line' id='line_1_7' title="bbox 496 992 1711 1052; baseline -0.001 -13"><span class='ocrx_word' id='word_1_37' title='bbox 496 996 698 1049; x_wconf 71' lang='lat' dir='ltr'><strong>Acoetes,</strong></span> <span class='ocrx_word' id='word_1_38' title='bbox 737 1008 882 1040; x_wconf 75' lang='lat' dir='ltr'><strong>comes</strong></span> <span class='ocrx_word' id='word_1_39' title='bbox 918 993 1115 1050; x_wconf 75' lang='lat' dir='ltr'><strong>Bacchi,</strong></span> <span class='ocrx_word' id='word_1_40' title='bbox 1153 992 1291 1052; x_wconf 77' lang='lat' dir='ltr'><strong>apud</strong></span> <span class='ocrx_word' id='word_1_41' title='bbox 1323 992 1536 1037; x_wconf 72' lang='lat' dir='ltr'><strong>Penthea</strong></span> <span class='ocrx_word' id='word_1_42' title='bbox 1570 992 1711 1038; x_wconf 81' lang='lat' dir='ltr'><strong>canit.</strong></span> 
     </span>
    </p>
   </div>
   <div class='ocr_carea' id='block_1_5' title="bbox 164 1121 1818 1565">
    <p class='ocr_par' dir='ltr' id='par_1_5' title="bbox 164 1121 1818 1565">
     <span class='ocr_line' id='line_1_8' title="bbox 306 1121 1622 1190; baseline -0.005 -15"><span class='ocrx_word' id='word_1_43' title='bbox 306 1127 468 1175; x_wconf 78' lang='lat' dir='ltr'><strong>Forte</strong></span> <span class='ocrx_word' id='word_1_44' title='bbox 511 1133 703 1190; x_wconf 85' lang='lat' dir='ltr'><strong>petens</strong></span> <span class='ocrx_word' id='word_1_45' title='bbox 746 1123 925 1174; x_wconf 80' lang='lat' dir='ltr'>Delon</span> <span class='ocrx_word' id='word_1_46' title='bbox 969 1121 1100 1172; x_wconf 90' lang='lat' dir='ltr'><strong>Ciae</strong></span> <span class='ocrx_word' id='word_1_47' title='bbox 1141 1121 1347 1171; x_wconf 89' lang='lat' dir='ltr'><strong>telluris</strong></span> <span class='ocrx_word' id='word_1_48' title='bbox 1389 1121 1456 1170; x_wconf 88' lang='lat' dir='ltr'><strong>ad</strong></span> <span class='ocrx_word' id='word_1_49' title='bbox 1499 1137 1622 1170; x_wconf 91' lang='lat' dir='ltr'><strong>oras</strong></span> 
     </span>
     <span class='ocr_line' id='line_1_9' title="bbox 233 1215 1565 1285; baseline -0.004 -17"><span class='ocrx_word' id='word_1_50' title='bbox 233 1219 518 1285; x_wconf 72' lang='lat' dir='ltr'><strong>Applicor,</strong></span> <span class='ocrx_word' id='word_1_51' title='bbox 561 1230 614 1268; x_wconf 89' lang='lat' dir='ltr'><strong>et</strong></span> <span class='ocrx_word' id='word_1_52' title='bbox 655 1218 862 1267; x_wconf 72' lang='lat' dir='ltr'><strong>dextris</strong></span> <span class='ocrx_word' id='word_1_53' title='bbox 905 1217 1153 1266; x_wconf 86' lang='lat' dir='ltr'><strong>adducor</strong></span> <span class='ocrx_word' id='word_1_54' title='bbox 1193 1215 1348 1265; x_wconf 90' lang='lat' dir='ltr'><strong>litora</strong></span> <span class='ocrx_word' id='word_1_55' title='bbox 1389 1215 1565 1273; x_wconf 90' lang='lat' dir='ltr'><strong>remis,</strong></span> 
     </span>
     <span class='ocr_line' id='line_1_10' title="bbox 234 1309 1730 1378; baseline -0.001 -17"><span class='ocrx_word' id='word_1_56' title='bbox 234 1311 433 1378; x_wconf 82' lang='lat' dir='ltr'><strong>Doque</strong></span> <span class='ocrx_word' id='word_1_57' title='bbox 477 1312 620 1361; x_wconf 71' lang='lat' dir='ltr'><strong>leves</strong></span> <span class='ocrx_word' id='word_1_58' title='bbox 662 1312 831 1360; x_wconf 86' lang='lat' dir='ltr'><strong>saltus</strong></span> <span class='ocrx_word' id='word_1_59' title='bbox 873 1311 1127 1376; x_wconf 82' lang='lat' dir='ltr'><strong>udaeque</strong></span> <span class='ocrx_word' id='word_1_60' title='bbox 1171 1309 1437 1359; x_wconf 89' lang='lat' dir='ltr'><strong>immittor</strong></span> <span class='ocrx_word' id='word_1_61' title='bbox 1477 1309 1730 1360; x_wconf 80' lang='lat' dir='ltr'><strong>harenae.</strong></span> 
     </span>
     <span class='ocr_line' id='line_1_11' title="bbox 231 1403 1818 1472; baseline 0.001 -18"><span class='ocrx_word' id='word_1_62' title='bbox 231 1406 357 1454; x_wconf 74' lang='lat' dir='ltr'><strong>Nox</strong></span> <span class='ocrx_word' id='word_1_63' title='bbox 401 1406 490 1454; x_wconf 81' lang='lat' dir='ltr'><strong>ubi</strong></span> <span class='ocrx_word' id='word_1_64' title='bbox 534 1413 864 1471; x_wconf 84' lang='lat' dir='ltr'><strong>consumpta</strong></span> <span class='ocrx_word' id='word_1_65' title='bbox 906 1412 1001 1463; x_wconf 88' lang='lat' dir='ltr'><strong>est,</strong></span> <span class='ocrx_word' id='word_1_66' title='bbox 1044 1403 1264 1453; x_wconf 77' lang='lat' dir='ltr'><strong>Aurora</strong></span> <span class='ocrx_word' id='word_1_67' title='bbox 1306 1403 1595 1454; x_wconf 88' lang='lat' dir='ltr'><strong>rubescere</strong></span> <span class='ocrx_word' id='word_1_68' title='bbox 1637 1405 1818 1472; x_wconf 91' lang='lat' dir='ltr'><strong>primo</strong></span> 
     </span>
     <span class='ocr_line' id='line_1_12' title="bbox 164 1496 1672 1565; baseline 0 -17"><span class='ocrx_word' id='word_1_69' title='bbox 164 1517 183 1558; x_wconf 81' lang='lat'>5</span> <span class='ocrx_word' id='word_1_70' title='bbox 232 1499 518 1565; x_wconf 82' lang='lat' dir='ltr'><strong>Coeperat,</strong></span> <span class='ocrx_word' id='word_1_71' title='bbox 561 1515 802 1563; x_wconf 73' lang='lat' dir='ltr'><strong>exsurgo</strong></span> <span class='ocrx_word' id='word_1_72' title='bbox 846 1498 1145 1563; x_wconf 90' lang='lat' dir='ltr'><strong>laticesque</strong></span> <span class='ocrx_word' id='word_1_73' title='bbox 1189 1496 1383 1546; x_wconf 86' lang='lat' dir='ltr'><strong>inferre</strong></span> <span class='ocrx_word' id='word_1_74' title='bbox 1426 1506 1672 1548; x_wconf 77' lang='lat' dir='ltr'><strong>recentes</strong></span> 
     </span>
    </p>
   </div>
   <div class='ocr_carea' id='block_1_6' title="bbox 231 1684 1744 1752">
    <p class='ocr_par' dir='ltr' id='par_1_6' title="bbox 231 1684 1744 1752">
     <span class='ocr_line' id='line_1_13' title="bbox 231 1684 1744 1752; baseline 0.002 -19"><span class='ocrx_word' id='word_1_75' title='bbox 231 1684 373 1752; x_wconf 78' lang='lat' dir='ltr'><strong>Ipse,</strong></span> <span class='ocrx_word' id='word_1_76' title='bbox 410 1686 540 1751; x_wconf 86' lang='lat' dir='ltr'><strong>quid</strong></span> <span class='ocrx_word' id='word_1_77' title='bbox 584 1703 713 1735; x_wconf 84' lang='lat' dir='ltr'><strong>aura</strong></span> <span class='ocrx_word' id='word_1_78' title='bbox 756 1685 887 1734; x_wconf 81' lang='lat' dir='ltr'><strong>mihi</strong></span> <span class='ocrx_word' id='word_1_79' title='bbox 929 1684 1142 1735; x_wconf 89' lang='lat' dir='ltr'><strong>tumulo</strong></span> <span class='ocrx_word' id='word_1_80' title='bbox 1186 1685 1470 1751; x_wconf 80' lang='lat' dir='ltr'>promittat</span> <span class='ocrx_word' id='word_1_81' title='bbox 1509 1685 1577 1735; x_wconf 86' lang='lat' dir='ltr'><strong>ab</strong></span> <span class='ocrx_word' id='word_1_82' title='bbox 1619 1686 1744 1746; x_wconf 91' lang='lat' dir='ltr'><strong>alto,</strong></span> 
     </span>
    </p>
   </div>
   <div class='ocr_carea' id='block_1_7' title="bbox 1880 0 1966 3421">
    <p class='ocr_par' dir='ltr' id='par_1_7' title="bbox 1880 0 1966 3421">
     <span class='ocr_line' id='line_1_14' title="bbox 1880 0 1966 3421; baseline 0 0"><span class='ocrx_word' id='word_1_83' title='bbox 1880 0 1966 3421; x_wconf 95' lang='lat' dir='ltr'><strong> </strong></span> 
     </span>
    </p>
   </div>
   <div class='ocr_carea' id='block_1_8' title="bbox 231 1779 1748 1846">
    <p class='ocr_par' dir='ltr' id='par_1_8' title="bbox 231 1779 1748 1846">
     <span class='ocr_line' id='line_1_15' title="bbox 231 1779 1748 1846; baseline 0.002 -18"><span class='ocrx_word' id='word_1_84' title='bbox 231 1780 525 1845; x_wconf 68' lang='lat' dir='ltr'><strong>I’rospiciO,</strong></span> <span class='ocrx_word' id='word_1_85' title='bbox 565 1779 906 1846; x_wconf 79' lang='lat' dir='ltr'><strong>comitesque</strong></span> <span class='ocrx_word' id='word_1_86' title='bbox 950 1795 1106 1839; x_wconf 79' lang='lat' dir='ltr'>VOCO,</span> <span class='ocrx_word' id='word_1_87' title='bbox 1145 1787 1449 1845; x_wconf 80' lang='lat' dir='ltr'><strong>repetoque</strong></span> <span class='ocrx_word' id='word_1_88' title='bbox 1492 1780 1748 1831; x_wconf 87' lang='lat' dir='ltr'><strong>carinam.</strong></span> 
     </span>
    </p>
   </div>
   <div class='ocr_carea' id='block_1_9' title="bbox 136 1913 1961 2823">
    <p class='ocr_par' dir='ltr' id='par_1_9' title="bbox 136 1913 1961 2823">
     <span class='ocr_line' id='line_1_16' title="bbox 301 1913 1900 1981; baseline 0.001 -17"><span class='ocrx_word' id='word_1_89' title='bbox 301 1919 329 1939; x_wconf 86' lang='lat'><strong>“</strong></span> <span class='ocrx_word' id='word_1_90' title='bbox 356 1913 641 1964; x_wconf 72' lang='lat' dir='ltr'><strong>Adsumus</strong></span> <span class='ocrx_word' id='word_1_91' title='bbox 683 1913 779 1963; x_wconf 90' lang='lat' dir='ltr'><strong>en!</strong></span> <span class='ocrx_word' id='word_1_92' title='bbox 807 1913 833 1931; x_wconf 92' lang='lat'><strong>&#39;&#39;</strong></span> <span class='ocrx_word' id='word_1_93' title='bbox 868 1913 1043 1979; x_wconf 90' lang='lat' dir='ltr'><strong>inquit</strong></span> <span class='ocrx_word' id='word_1_94' title='bbox 1084 1913 1363 1963; x_wconf 88' lang='lat' dir='ltr'><strong>sociorum</strong></span> <span class='ocrx_word' id='word_1_95' title='bbox 1407 1914 1618 1980; x_wconf 89' lang='lat' dir='ltr'><strong>primus</strong></span> <span class='ocrx_word' id='word_1_96' title='bbox 1661 1913 1900 1981; x_wconf 88' lang='lat' dir='ltr'><strong>Ophelte</strong></span> 
     </span>
     <span class='ocr_line' id='line_1_17' title="bbox 138 2007 1708 2075; baseline 0 -17"><span class='ocrx_word' id='word_1_97' title='bbox 138 2022 182 2048; x_wconf 86' lang='lat'><strong>¹0</strong></span> <span class='ocrx_word' id='word_1_98' title='bbox 228 2009 414 2075; x_wconf 75' lang='lat' dir='ltr'><strong>L&#39;tquc</strong></span> <span class='ocrx_word' id='word_1_99' title='bbox 457 2016 628 2075; x_wconf 85' lang='lat' dir='ltr'><strong>putat,</strong></span> <span class='ocrx_word' id='word_1_100' title='bbox 661 2008 923 2074; x_wconf 78' lang='lat' dir='ltr'><strong>praedam</strong></span> <span class='ocrx_word' id='word_1_101' title='bbox 967 2007 1184 2057; x_wconf 88' lang='lat' dir='ltr'><strong>deserto</strong></span> <span class='ocrx_word' id='word_1_102' title='bbox 1228 2016 1420 2058; x_wconf 87' lang='lat' dir='ltr'><strong>nactus</strong></span> <span class='ocrx_word' id='word_1_103' title='bbox 1462 2009 1514 2058; x_wconf 92' lang='lat' dir='ltr'><strong>in</strong></span> <span class='ocrx_word' id='word_1_104' title='bbox 1556 2025 1708 2074; x_wconf 81' lang='lat' dir='ltr'><strong>agrO,</strong></span> 
     </span>
     <span class='ocr_line' id='line_1_18' title="bbox 226 2100 1527 2169; baseline 0.002 -18"><span class='ocrx_word' id='word_1_105' title='bbox 226 2102 487 2168; x_wconf 63' lang='lat' dir='ltr'><strong>Virginea</strong></span> <span class='ocrx_word' id='word_1_106' title='bbox 528 2118 760 2169; x_wconf 87' lang='lat' dir='ltr'><strong>puerum</strong></span> <span class='ocrx_word' id='word_1_107' title='bbox 802 2101 953 2151; x_wconf 85' lang='lat' dir='ltr'><strong>ducit</strong></span> <span class='ocrx_word' id='word_1_108' title='bbox 996 2117 1096 2167; x_wconf 89' lang='lat' dir='ltr'><strong>per</strong></span> <span class='ocrx_word' id='word_1_109' title='bbox 1137 2100 1296 2151; x_wconf 90' lang='lat' dir='ltr'><strong>litora</strong></span> <span class='ocrx_word' id='word_1_110' title='bbox 1337 2102 1527 2153; x_wconf 88' lang='lat' dir='ltr'><strong>forma.</strong></span> 
     </span>
     <span class='ocr_line' id='line_1_19' title="bbox 228 2195 1644 2262; baseline 0.001 -16"><span class='ocrx_word' id='word_1_111' title='bbox 228 2196 324 2246; x_wconf 86' lang='lat' dir='ltr'><strong>Ille</strong></span> <span class='ocrx_word' id='word_1_112' title='bbox 368 2214 517 2246; x_wconf 89' lang='lat' dir='ltr'><strong>mero</strong></span> <span class='ocrx_word' id='word_1_113' title='bbox 560 2213 869 2262; x_wconf 80' lang='lat' dir='ltr'><strong>somnoque</strong></span> <span class='ocrx_word' id='word_1_114' title='bbox 913 2195 1093 2261; x_wconf 80' lang='lat' dir='ltr'><strong>gravis</strong></span> <span class='ocrx_word' id='word_1_115' title='bbox 1134 2196 1372 2246; x_wconf 88' lang='lat' dir='ltr'><strong>titubare</strong></span> <span class='ocrx_word' id='word_1_116' title='bbox 1413 2196 1644 2257; x_wconf 85' lang='lat' dir='ltr'><strong>videtur,</strong></span> 
     </span>
     <span class='ocr_line' id='line_1_20' title="bbox 225 2289 1900 2358; baseline 0.001 -19"><span class='ocrx_word' id='word_1_117' title='bbox 225 2290 447 2357; x_wconf 70' lang='lat' dir='ltr'><strong>Vixque</strong></span> <span class='ocrx_word' id='word_1_118' title='bbox 489 2291 659 2357; x_wconf 88' lang='lat' dir='ltr'><strong>sequi.</strong></span> <span class='ocrx_word' id='word_1_119' title='bbox 740 2289 945 2357; x_wconf 80' lang='lat' dir='ltr'><strong>Specto</strong></span> <span class='ocrx_word' id='word_1_120' title='bbox 988 2289 1200 2341; x_wconf 90' lang='lat' dir='ltr'><strong>cultum</strong></span> <span class='ocrx_word' id='word_1_121' title='bbox 1243 2289 1550 2356; x_wconf 81' lang='lat' dir='ltr'><strong>faciemque</strong></span> <span class='ocrx_word' id='word_1_122' title='bbox 1592 2291 1900 2358; x_wconf 81' lang='lat' dir='ltr'><strong>gradumqu</strong></span> 
     </span>
     <span class='ocr_line' id='line_1_21' title="bbox 228 2384 1646 2452; baseline 0.001 -19"><span class='ocrx_word' id='word_1_123' title='bbox 228 2384 314 2433; x_wconf 79' lang='lat' dir='ltr'><strong>Nil</strong></span> <span class='ocrx_word' id='word_1_124' title='bbox 359 2385 428 2433; x_wconf 83' lang='lat' dir='ltr'><strong>ibi</strong></span> <span class='ocrx_word' id='word_1_125' title='bbox 472 2386 620 2451; x_wconf 86' lang='lat' dir='ltr'><strong>quod</strong></span> <span class='ocrx_word' id='word_1_126' title='bbox 663 2386 809 2435; x_wconf 86' lang='lat' dir='ltr'><strong>credi</strong></span> <span class='ocrx_word' id='word_1_127' title='bbox 851 2394 1042 2452; x_wconf 89' lang='lat' dir='ltr'><strong>posset</strong></span> <span class='ocrx_word' id='word_1_128' title='bbox 1083 2384 1331 2443; x_wconf 77' lang='lat' dir='ltr'><strong>mortale,</strong></span> <span class='ocrx_word' id='word_1_129' title='bbox 1373 2384 1646 2435; x_wconf 87' lang='lat' dir='ltr'><strong>videbam.</strong></span> 
     </span>
     <span class='ocr_line' id='line_1_22' title="bbox 136 2477 1686 2545; baseline 0.003 -22"><span class='ocrx_word' id='word_1_130' title='bbox 136 2497 180 2536; x_wconf 80' lang='lat'><strong>¹5</strong></span> <span class='ocrx_word' id='word_1_131' title='bbox 230 2477 298 2527; x_wconf 67' lang='lat' dir='ltr'><strong>lit</strong></span> <span class='ocrx_word' id='word_1_132' title='bbox 338 2479 479 2527; x_wconf 85' lang='lat' dir='ltr'><strong>sensi</strong></span> <span class='ocrx_word' id='word_1_133' title='bbox 521 2487 574 2528; x_wconf 84' lang='lat' dir='ltr'><strong>et</strong></span> <span class='ocrx_word' id='word_1_134' title='bbox 614 2479 727 2528; x_wconf 77' lang='lat' dir='ltr'><strong>dixi</strong></span> <span class='ocrx_word' id='word_1_135' title='bbox 770 2480 948 2538; x_wconf 90' lang='lat' dir='ltr'><strong>sociis,</strong></span> <span class='ocrx_word' id='word_1_136' title='bbox 980 2478 1200 2545; x_wconf 76' lang='lat' dir='ltr'><strong>“Quod</strong></span> <span class='ocrx_word' id='word_1_137' title='bbox 1244 2495 1447 2529; x_wconf 88' lang='lat' dir='ltr'><strong>numen</strong></span> <span class='ocrx_word' id='word_1_138' title='bbox 1490 2479 1541 2528; x_wconf 92' lang='lat' dir='ltr'><strong>in</strong></span> <span class='ocrx_word' id='word_1_139' title='bbox 1583 2479 1686 2528; x_wconf 91' lang='lat' dir='ltr'><strong>isto</strong></span> 
     </span>
     <span class='ocr_line' id='line_1_23' title="bbox 230 2548 1961 2638; baseline 0.001 -19"><span class='ocrx_word' id='word_1_140' title='bbox 230 2569 476 2636; x_wconf 78' lang='lat' dir='ltr'><strong>Corpore</strong></span> <span class='ocrx_word' id='word_1_141' title='bbox 518 2571 600 2629; x_wconf 86' lang='lat' dir='ltr'><strong>sit,</strong></span> <span class='ocrx_word' id='word_1_142' title='bbox 639 2571 864 2632; x_wconf 81' lang='lat' dir='ltr'><strong>dubito;</strong></span> <span class='ocrx_word' id='word_1_143' title='bbox 913 2572 1009 2622; x_wconf 92' lang='lat' dir='ltr'><strong>sed</strong></span> <span class='ocrx_word' id='word_1_144' title='bbox 1052 2589 1286 2638; x_wconf 91' lang='lat' dir='ltr'><strong>corpore</strong></span> <span class='ocrx_word' id='word_1_145' title='bbox 1329 2588 1532 2621; x_wconf 89' lang='lat' dir='ltr'><strong>numen</strong></span> <span class='ocrx_word' id='word_1_146' title='bbox 1574 2571 1626 2620; x_wconf 93' lang='lat' dir='ltr'><strong>in</strong></span> <span class='ocrx_word' id='word_1_147' title='bbox 1669 2571 1772 2620; x_wconf 90' lang='lat' dir='ltr'><strong>isto</strong></span> <span class='ocrx_word' id='word_1_148' title='bbox 1813 2577 1895 2621; x_wconf 91' lang='lat' dir='ltr'><strong>est</strong></span> <span class='ocrx_word' id='word_1_149' title='bbox 1943 2548 1961 2594; x_wconf 48' lang='lat'><strong>¹⁴⁴</strong></span> 
     </span>
     <span class='ocr_line' id='line_1_24' title="bbox 229 2663 1820 2731; baseline 0.001 -20"><span class='ocrx_word' id='word_1_150' title='bbox 229 2663 491 2728; x_wconf 67' lang='lat' dir='ltr'><strong>Quisquis</strong></span> <span class='ocrx_word' id='word_1_151' title='bbox 533 2682 606 2722; x_wconf 70' lang='grc' dir='ltr'><strong>οε,</strong></span> <span class='ocrx_word' id='word_1_152' title='bbox 649 2664 698 2714; x_wconf 86' lang='grc' dir='ltr'>Ο</span> <span class='ocrx_word' id='word_1_153' title='bbox 731 2665 928 2723; x_wconf 78' lang='lat' dir='ltr'><strong>faveaS,</strong></span> <span class='ocrx_word' id='word_1_154' title='bbox 973 2666 1283 2731; x_wconf 87' lang='lat' dir='ltr'><strong>nostrisque</strong></span> <span class='ocrx_word' id='word_1_155' title='bbox 1322 2664 1603 2715; x_wconf 85' lang='lat' dir='ltr'><strong>laboribus</strong></span> <span class='ocrx_word' id='word_1_156' title='bbox 1647 2663 1820 2724; x_wconf 86' lang='lat' dir='ltr'><strong>adsis;</strong></span> 
     </span>
     <span class='ocr_line' id='line_1_25' title="bbox 232 2756 1042 2823; baseline 0.006 -19"><span class='ocrx_word' id='word_1_157' title='bbox 232 2756 333 2805; x_wconf 76' lang='lat' dir='ltr'><strong>llis</strong></span> <span class='ocrx_word' id='word_1_158' title='bbox 377 2775 598 2823; x_wconf 85' lang='lat' dir='ltr'><strong>quoque</strong></span> <span class='ocrx_word' id='word_1_159' title='bbox 640 2759 736 2808; x_wconf 86' lang='lat' dir='ltr'><strong>des</strong></span> <span class='ocrx_word' id='word_1_160' title='bbox 775 2759 1042 2809; x_wconf 82' lang='lat' dir='ltr'><strong>veniam.’&#39;</strong></span> 
     </span>
    </p>
   </div>
   <div class='ocr_carea' id='block_1_10' title="bbox 136 2965 1804 3219">
    <p class='ocr_par' dir='ltr' id='par_1_10' title="bbox 136 2965 1804 3219">
     <span class='ocr_line' id='line_1_26' title="bbox 230 2965 1740 3032; baseline 0.001 -18"><span class='ocrx_word' id='word_1_161' title='bbox 230 2965 426 3030; x_wconf 82' lang='lat' dir='ltr'><strong>Dictys</strong></span> <span class='ocrx_word' id='word_1_162' title='bbox 468 2967 553 3024; x_wconf 85' lang='lat' dir='ltr'><strong>ait,</strong></span> <span class='ocrx_word' id='word_1_163' title='bbox 596 2984 707 3032; x_wconf 93' lang='lat' dir='ltr'><strong>quo</strong></span> <span class='ocrx_word' id='word_1_164' title='bbox 750 2984 858 3016; x_wconf 94' lang='lat' dir='ltr'><strong>non</strong></span> <span class='ocrx_word' id='word_1_165' title='bbox 902 2967 1038 3017; x_wconf 91' lang='lat' dir='ltr'><strong>alius</strong></span> <span class='ocrx_word' id='word_1_166' title='bbox 1081 2968 1454 3017; x_wconf 85' lang='lat' dir='ltr'><strong>conscendere</strong></span> <span class='ocrx_word' id='word_1_167' title='bbox 1494 2983 1740 3016; x_wconf 85' lang='lat' dir='ltr'><strong>summas</strong></span> 
     </span>
     <span class='ocr_line' id='line_1_27' title="bbox 136 3058 1591 3126; baseline 0.001 -20"><span class='ocrx_word' id='word_1_168' title='bbox 136 3070 185 3097; x_wconf 81' lang='lat'><strong>20</strong></span> <span class='ocrx_word' id='word_1_169' title='bbox 232 3058 398 3108; x_wconf 85' lang='lat' dir='ltr'><strong>Ocior</strong></span> <span class='ocrx_word' id='word_1_170' title='bbox 440 3069 734 3117; x_wconf 86' lang='lat' dir='ltr'><strong>antemnas,</strong></span> <span class='ocrx_word' id='word_1_171' title='bbox 779 3077 1092 3126; x_wconf 89' lang='lat' dir='ltr'><strong>prensoque</strong></span> <span class='ocrx_word' id='word_1_172' title='bbox 1134 3061 1362 3110; x_wconf 88' lang='lat' dir='ltr'><strong>rudente</strong></span> <span class='ocrx_word' id='word_1_173' title='bbox 1404 3060 1591 3110; x_wconf 87' lang='lat' dir='ltr'><strong>relabi.</strong></span> 
     </span>
     <span class='ocr_line' id='line_1_28' title="bbox 232 3152 1804 3219; baseline 0.001 -19"><span class='ocrx_word' id='word_1_174' title='bbox 232 3152 356 3201; x_wconf 87' lang='lat' dir='ltr'><strong>Iloc</strong></span> <span class='ocrx_word' id='word_1_175' title='bbox 399 3153 582 3217; x_wconf 78' lang='lat' dir='ltr'><strong>Libys,</strong></span> <span class='ocrx_word' id='word_1_176' title='bbox 626 3153 732 3202; x_wconf 89' lang='lat' dir='ltr'><strong>hoc</strong></span> <span class='ocrx_word' id='word_1_177' title='bbox 774 3153 963 3212; x_wconf 83' lang='lat' dir='ltr'><strong>flavus,</strong></span> <span class='ocrx_word' id='word_1_178' title='bbox 1005 3171 1200 3219; x_wconf 88' lang='lat' dir='ltr'><strong>prorae</strong></span> <span class='ocrx_word' id='word_1_179' title='bbox 1241 3153 1427 3213; x_wconf 90' lang='lat' dir='ltr'><strong>tutela,</strong></span> <span class='ocrx_word' id='word_1_180' title='bbox 1471 3152 1804 3212; x_wconf 89' lang='lat' dir='ltr'><strong>Melanthus,</strong></span> 
     </span>
    </p>
   </div>
  </div>
 </body>
</html>
