1916 3389
425 169 783 211 PHILEMON
830 168 916 209 ET
962 167 1205 210 BAUCIS
1584 154 1686 204 143

0 320 93 365 ¹tusa
130 321 246 364 tum
289 313 509 380 placido
553 312 841 363 Saturnius
882 311 1054 361 edidit
1095 327 1217 360 ore:

57 407 188 468 cite,
230 407 368 457 iuste
409 424 581 456 senex
622 415 676 457 et
715 406 918 455 femina
957 405 1195 469 coniuge
1238 404 1379 454 iusto
1729 414 1781 453 80

93 518 139 562 a,
182 501 313 567 quid
355 500 608 567 opteti5.''
688 499 830 550 Cum
872 499 1115 549 Baucide
1158 515 1337 565 pauca
1376 497 1610 558 locutUS‚

53 595 214 644 icium
255 595 468 661 superis
510 594 685 660 aperit
725 610 1021 644 commune
1063 592 1379 643 Philemon:

51 781 128 815 sse
168 764 483 815 sacerdotes
525 763 865 830 delubraque
906 771 1086 814 vestra
1125 763 1265 814 tueri

0 859 249 934 „bcimuffi
303 866 357 909 et
397 859 660 925 quoniam
701 859 1007 908 concordes
1049 859 1264 924 egimus
1306 876 1495 918 annos,

49 951 172 1002 'erat
211 952 347 1002 hora
386 952 525 1001 duos
566 952 778 1011 eadem,
821 969 920 1001 nec
962 952 1214 1018 coniugis
1255 970 1520 1019 umquam
1729 964 1780 1016 85

52 1053 107 1096 ta
146 1062 301 1096 meae
341 1044 575 1105 videam,
618 1062 721 1095 neu
765 1046 868 1095 sim
908 1046 1266 1096 tumulandus
1307 1047 1374 1096 ab
1417 1045 1556 1098 illa.”

45 1226 84 1259 ,a
123 1208 259 1258 fides
300 1210 561 1275 sequitur.
640 1209 858 1276 Templi
900 1210 1071 1260 tutela
1112 1210 1279 1271 fuere,

43 1319 136 1352 nec
176 1303 286 1352 vita
327 1303 453 1352 data
493 1310 590 1354 est.
669 1302 849 1353 Annis
892 1322 1140 1372 aevoque
1182 1305 1347 1355 soluti

42 1405 88 1447 te
129 1398 330 1463 gradus
371 1414 556 1447 sacros
597 1414 723 1448 cum
765 1406 972 1450 starent
1012 1399 1149 1449 forte
1190 1399 1409 1465 locique

63 1498 243 1541 rarent
282 1508 457 1551 casu5‚
500 1491 753 1542 frondere
796 1492 1117 1543 Philemona
1158 1492 1373 1552 Bauci5‚
1733 1515 1785 1554 90

61 1584 186 1635 cida
225 1585 519 1652 conspexit
559 1586 740 1636 senior
780 1586 1034 1637 frondere
1077 1586 1382 1639 Philemon.

0 1706 17 1739 ις
64 1695 174 1747 que
214 1696 381 1746 super
422 1681 674 1746 geminos
716 1689 997 1732 crescente
1038 1681 1324 1730 cacumine
1365 1680 1547 1731 vultus

37 1781 156 1834 tua,
198 1774 329 1824 dum
375 1774 541 1833 licuit,
586 1774 891 1824 reddebant
933 1776 1094 1835 dicta,
1137 1773 1325 1824 “Vale
1345 1775 1371 1793 ’²
1414 1792 1521 1842 que

37 1877 44 1910 Ι
86 1868 381 1928 coniunx,''
425 1868 616 1918 dixere
657 1868 832 1927 simul,
875 1868 1037 1918 simul
1079 1868 1267 1918 abdita
1306 1869 1447 1919 texit

378 2079 638 2131 Ostendit
679 2079 860 2129 adhuc
900 2079 1273 2145 Thymbreius
1316 2080 1424 2129 illic
1738 2097 1788 2140 95

34 2172 137 2222 :ola
176 2173 244 2222 de
286 2174 509 2239 gemino
548 2173 757 2223 vicinos
798 2191 1033 2241 corpore
1073 2182 1313 2225 truncos.

37 2283 94 2316 ra
133 2267 207 2333 pii
249 2267 330 2317 dis
372 2275 513 2321 sunt.
557 2275 610 2318 et
651 2268 744 2334 qui
785 2267 1020 2329 coluere,
1063 2268 1333 2320 coluntur.
