1912 3426
157 1339 207 1375 oo

154 1800 203 1840 93

139 2273 208 2300 100

142 2771 208 2811 105

141 3220 208 3245 110

255 215 355 265 130
822 222 872 261 P.
919 218 1198 260 OVIDIUS
1246 215 1424 258 NASO

326 371 468 419 Tum
510 375 675 434 caput
715 365 861 415 Eleis
901 362 1169 429 Alpheias
1210 359 1408 409 extulit
1448 359 1625 418 undis,

258 464 636 526 Rornntesque
678 475 863 508 comas
904 473 934 505 a
975 455 1148 504 fronte
1190 452 1422 502 removit
1461 453 1528 502 ad
1571 469 1746 513 aures,

255 558 440 621 Atque
482 555 580 603 ait:

684 650 782 700 “O
824 658 939 700 toto
981 648 1258 714 quaesitae
1299 646 1523 712 virginis
1564 645 1698 696 orbe

260 749 324 797 lit
368 748 579 810 frugum
624 744 888 809 genetrix,
933 743 1230 790 immensos
1271 740 1400 788 siste
1441 738 1676 800 labores,

194 856 207 887 ς
257 841 405 889 Neve
448 841 540 888 tibi
584 838 722 886 fidae
763 837 999 885 violenta
1040 835 1268 883 irascere
1310 832 1514 883 terrae!

255 933 420 981 'l'erra
463 932 590 980 nihil
635 931 844 987 meruit,
888 928 1173 994 patuitque
1216 927 1383 977 invita
1424 926 1662 993 rapinae.

258 1026 371 1074 Nec
415 1042 531 1073 sum
576 1042 673 1090 pro
717 1022 889 1089 patria
929 1020 1197 1087 supplex;
1253 1020 1360 1070 huc
1401 1020 1621 1087 hospita
1658 1021 1798 1073 veni.

258 1120 371 1168 l’isxi
414 1119 540 1166 milii
585 1117 757 1183 patria
798 1123 892 1174 est,
936 1123 988 1164 ct
1028 1114 1095 1163 ab
1137 1114 1296 1164 Elide
1336 1114 1589 1164 ducimus
1630 1123 1797 1166 ortus.

258 1213 406 1260 Mota
448 1212 567 1259 loco
609 1227 702 1258 cur
741 1210 840 1258 sim
882 1208 1127 1274 tantique
1165 1224 1263 1273 per
1300 1207 1556 1273 aequoris
1597 1208 1771 1258 undas

255 1305 511 1353 Adreliar
552 1303 855 1367 Ortygiam,
898 1302 1078 1351 veniet
1118 1301 1422 1351 narratibus
1464 1301 1601 1351 hora

251 1398 597 1463 ‘l'einpestiva
641 1397 786 1454 ineis,
829 1413 953 1444 cum
995 1403 1050 1445 tu
1093 1412 1334 1461 curaque
1376 1395 1552 1446 levata

258 1492 322 1540 lit
363 1491 539 1540 vultus
582 1490 816 1538 melioris
858 1489 975 1538 cris.
1058 1489 1195 1538 Mihi
1237 1489 1426 1555 pervia
1464 1489 1625 1540 tellus

257 1585 479 1633 Praebet
522 1585 632 1640 iter,
676 1583 972 1648 subterque
1015 1583 1150 1631 imas
1191 1581 1373 1632 ablata
1413 1600 1673 1634 cavernas

254 1677 358 1727 llic
399 1685 562 1742 caput
604 1676 791 1725 attollo
836 1677 1173 1742 desuetaque
1202 1676 1382 1726 sidera
1421 1693 1604 1728 cerno.

254 1769 398 1834 lirgo
440 1771 568 1819 duni
612 1770 807 1835 Stygio
849 1770 949 1818 sub
991 1769 1145 1819 terris
1187 1769 1404 1835 gurgite
1451 1770 1621 1831 labor,

251 1864 378 1912 Visa
417 1872 508 1913 tua
548 1872 627 1913 est
668 1864 839 1913 oculis
883 1864 986 1913 illic
1029 1864 1356 1931 Proserpina
1396 1865 1622 1926 nostris;

252 1959 348 2007 Illa
388 1960 607 2025 quidem
649 1960 830 2019 tristiS‚
875 1977 1052 2027 neque
1095 1960 1276 2010 adhuc
1319 1961 1560 2011 interrita
1598 1960 1769 2021 vultu,

252 2053 356 2101 Sed
402 2054 585 2117 regina
624 2062 823 2112 tamen,
866 2055 960 2104 sed
1003 2054 1161 2121 opaci
1206 2055 1450 2104 maxima
1490 2055 1696 2115 mundi,

253 2147 358 2197 Sed
400 2156 581 2197 tamen
624 2148 812 2197 inferni
855 2148 1067 2214 pollens
1108 2157 1358 2199 matrona
1396 2149 1664 2215 tyranni.’'

255 2255 430 2305 Mater
470 2258 534 2305 ad
579 2259 788 2308 auditas
829 2259 1039 2326 stupuit
1078 2276 1176 2309 ceu
1219 2277 1388 2310 saxea
1426 2277 1609 2319 voceS,

255 2349 646 2424 Attonitaeque
689 2353 777 2402 diu
821 2354 1009 2403 similis
1052 2353 1164 2404 fuit.
1245 2354 1433 2421 thue
1475 2355 1667 2404 dolore

255 2447 410 2496 Pulsa
452 2449 598 2510 gravi
643 2449 818 2513 gravis
860 2458 941 2500 est
981 2450 1235 2508 amentia,
1280 2450 1529 2500 curribus
1570 2466 1728 2500 auras

257 2539 383 2588 lixit
427 2541 473 2589 in
519 2541 799 2591 aetherias.
881 2543 962 2592 Ibi
1004 2551 1122 2593 toto
1166 2543 1352 2594 nubila
1390 2543 1542 2595 vultu

255 2633 399 2683 Ante
443 2634 630 2683 Iovem
674 2636 845 2701 passis
887 2637 1035 2687 stetit
1064 2638 1332 2688 invidiosa
1372 2639 1599 2706 capillis,

326 2745 354 2765 “
381 2741 480 2790 l'ro
505 2740 530 2757 '’
563 2760 666 2807 que
699 2748 725 2766 “
749 2761 870 2793 meo
900 2747 1020 2795 veni
1051 2747 1291 2813 supplex
1319 2748 1434 2807 tibi,
1465 2747 1765 2815 Iuppiter‚'’
1794 2747 1898 2815 inqi

255 2833 593 2898 “Sanguine
637 2854 847 2902 proque
887 2846 998 2890 tuo,
1080 2840 1135 2890 Si
1179 2840 1325 2891 nulla
1365 2850 1446 2893 est
1487 2843 1661 2908 gratia
1701 2843 1898 2901 matris,

254 2926 394 2976 Nata
435 2937 643 2993 patrem
686 2939 918 2981 moveat.
997 2932 1118 2983 Neu
1161 2935 1229 2985 sit
1268 2935 1364 2986 tibi
1407 2953 1554 2994 cura,
1596 2952 1901 3003 precamun

250 3019 423 3069 Vilior
465 3022 616 3081 illius,
659 3024 806 3089 quod
850 3033 1035 3076 nostro
1076 3035 1159 3078 est
1197 3029 1344 3079 edita
1384 3037 1561 3096 partu.

256 3111 337 3162 En
380 3116 625 3179 quaesita
665 3118 754 3166 diu
798 3119 1018 3168 tandem
1063 3120 1192 3171 mihi
1236 3130 1362 3173 nata
1403 3131 1618 3190 reperta
1657 3131 1767 3184 est3

254 3204 308 3255 Si
352 3207 584 3272 reperire
625 3227 788 3259 vocas
830 3212 1076 3262 amittere
1117 3215 1332 3274 certius,
1363 3224 1457 3266 aut
1495 3216 1537 3266 si
