2018 3400
1608 191 1633 214 c)

582 203 1025 246 PROSERPINA.
1570 190 1661 239 101

1 354 104 412 ire,
143 349 234 400 ubi
276 349 358 405 sit,
402 347 638 412 reperire
678 363 860 395 vocas,
942 344 1110 410 Quod
1153 353 1323 411 rapta,
1367 346 1616 403 feremus,

26 444 256 496 mmodo
298 441 490 491 reddat
530 456 668 490 eam.
747 439 944 505 Neque
979 439 1123 488 enim
1163 440 1442 505 praedone
1482 440 1675 488 marito

28 540 75 590 ia
112 538 278 603 digna
316 542 410 586 tua
449 532 681 584 est—si
723 532 831 581 iam
874 549 997 582 mea
1037 531 1148 582 filia
1188 549 1298 582 non
1340 531 1468 583 cst.’'

25 750 225 812 'uppiter
257 745 512 807 respondet.
583 745 884 805 Proserpina
921 745 1099 791 caelum
1136 745 1396 806 quotannis
1433 745 1609 805 repetit.

25 859 256 928 [uppiter
297 856 545 923 excepit:

608 963 972 1015 “Commune
1014 971 1096 1014 est
1136 962 1337 1031 pignus
1378 979 1630 1029 onusque

24 1069 82 1113 ,ta
120 1059 249 1111 mihi
289 1067 488 1110 tecum.
568 1057 678 1108 Sed
720 1058 762 1107 si
805 1057 972 1107 modo
1016 1057 1240 1106 nomina
1280 1056 1444 1106 rebus
1730 1071 1802 1112 115

24 1156 161 1206 [dere
200 1171 327 1204 vera
366 1152 562 1218 placet,
606 1168 716 1201 non
756 1151 863 1200 hoc
905 1151 1098 1200 iniuria
1138 1150 1359 1210 factum,

32 1265 144 1299 rum
185 1264 339 1297 amor
378 1254 477 1296 est.
558 1245 758 1312 Neque
797 1245 897 1295 erit
935 1244 1093 1294 nobis
1133 1261 1300 1310 gener
1338 1243 1424 1293 ille
1466 1243 1684 1310 pudori,

23 1384 28 1391 .
68 1342 248 1400 modo,
292 1341 434 1400 diva,
464 1339 614 1390 velis.
695 1339 773 1389 Ut
813 1338 994 1389 desint
1034 1346 1232 1398 cetera,
1276 1345 1543 1404 quantum
1585 1345 1667 1387 est

25 1452 78 1486 se
117 1435 259 1485 Iovis
301 1433 553 1485 fratrem!
638 1432 787 1498 Quid
830 1433 980 1499 quod
1023 1449 1132 1482 non
1175 1440 1357 1482 cetera
1397 1432 1597 1482 desunt

33 1546 60 1579 c
98 1529 240 1579 cedit
280 1529 379 1578 nisi
421 1535 568 1578 sorte
610 1527 760 1577 mihi.
842 1526 953 1578 Sed
994 1534 1145 1577 tanta
1186 1526 1391 1592 cupido
1733 1545 1805 1572 120

42 1622 135 1674 tibi
175 1623 386 1673 discidii
428 1630 526 1682 est,
570 1628 783 1688 repetet
824 1621 1152 1687 Proserpina
1192 1619 1435 1680 caelum;

32 1732 95 1782 ge
133 1724 314 1767 tamen
355 1724 518 1776 certa,
560 1716 604 1765 si
646 1714 824 1765 nullos
867 1714 1100 1779 contigit
1140 1713 1246 1763 illic

31 1809 256 1871 ecibos;
309 1827 435 1860 nam
471 1809 548 1859 sic
589 1809 883 1859 Parcarum
926 1807 1149 1858 foedere
1192 1815 1415 1857 cautum
1458 1805 1589 1857 est.’'

75 1925 258 1976 ixerat.
337 1924 417 1975 At
458 1924 643 1975 Cereri
685 1932 896 1973 certum
937 1930 1019 1973 est
1058 1923 1292 1973 educere
1341 1929 1539 1971 natam.

23 2036 75 2070 m
111 2019 184 2071 ita
222 2019 331 2070 fata
370 2019 570 2078 sinunt,
614 2018 877 2084 quoniam
920 2017 1118 2066 ieiunia
1158 2016 1314 2081 virgo
1738 2044 1808 2084 125

23 2113 194 2165 ·lverat
232 2122 300 2174 et,
342 2112 504 2163 cultis
545 2112 680 2162 dum
721 2110 962 2177 simplex
1005 2117 1147 2159 errat
1188 2109 1239 2157 in
1280 2108 1469 2167 hortiS,

23 2208 240 2259 Aniceum
282 2226 448 2259 curva
488 2208 843 2272 decerpserat
883 2203 1078 2254 arbore
1119 2219 1366 2269 pomum,

24 2311 289 2371 mptaque
330 2302 554 2370 pallenti
596 2307 811 2368 septem
853 2298 920 2348 de
962 2297 1167 2347 cortice
1208 2312 1377 2362 grana

24 2406 217 2448 esserat
256 2415 349 2448 ore
390 2415 510 2448 suo.

25 2510 101 2565 At
136 2516 347 2566 medius
388 2514 677 2581 fratrisque
719 2511 800 2562 sui
844 2514 1197 2571 maestaeque
1239 2503 1440 2553 sororis
1740 2535 1813 2576 130

25 2891 192 2943 ertitur
230 2894 514 2961 extemplo
555 2893 720 2943 facies
762 2900 815 2942 et
856 2890 1053 2940 mentis
1094 2896 1147 2937 et
1187 2886 1322 2945 oris;

25 3001 95 3036 lm
133 2988 299 3038 modo
341 3005 482 3055 quae
523 2994 740 3054 poterat
781 2985 896 3035 Diti
940 3000 1163 3050 quoque
1205 2989 1413 3031 maesta
1452 2977 1640 3034 videri,
1739 2996 1812 3038 135

25 3085 121 3130 neta
158 3081 291 3131 deae
332 3082 479 3132 frons
521 3089 618 3140 est,
660 3088 719 3130 ut
759 3079 858 3137 sol,
901 3077 993 3144 qui
1033 3084 1210 3127 tectus
1251 3073 1473 3141 aquosis

50 3170 204 3224 bibus
245 3183 368 3225 ante
409 3175 524 3235 fuit,
565 3174 722 3224 victis
764 3190 792 3221 e
835 3171 1072 3220 nubibus
1114 3169 1244 3219 exit.
