1961 3361
160 1093 230 1135 135

161 1634 232 1670 140

159 2171 226 2212 145

162 2965 233 3008 ¹50

1944 0 1957 114 l,

268 173 336 223 90
850 182 899 222 P.
949 175 1230 220 OVIDIUS
1280 172 1458 214 NASO
1947 172 1959 288 Ι

270 331 499 395 Iamque
543 344 690 377 mare
733 333 786 375 et
825 323 983 373 tellus
1026 320 1234 369 nullum
1276 314 1570 365 discrimen
1612 311 1920 370 habebant3

273 423 475 475 Omnia
516 430 718 487 pontus
760 425 928 467 erant.
1010 415 1251 462 Deerant
1293 424 1516 475 quoque
1559 406 1717 455 litora
1758 399 1955 529 ponto(

275 518 530 582 Occupat
572 514 657 562 hic
701 511 927 569 collem;
989 507 1189 557 cumba
1230 504 1385 552 sedet
1424 500 1559 550 alter
1600 499 1816 548 adunca

278 611 346 660 Et
388 609 537 658 ducit
575 623 753 655 remos
796 604 900 652 illic
955 601 1046 650 ubi
1102 615 1276 664 nuper
1316 602 1520 654 ararat;

276 704 371 753 Ille
414 719 577 767 super
618 707 832 763 segetes
874 704 966 745 aut
1007 710 1215 743 mersae
1258 689 1497 740 culmina
1535 686 1695 736 villae

273 797 526 860 Navigat.
571 794 656 842 hic
700 807 914 840 summa
955 789 1164 854 piscem
1207 782 1499 850 deprendit
1539 781 1591 830 in
1634 779 1796 829 ulmo.

274 891 484 954 Figitur
526 888 576 936 in
619 884 789 943 viridi,
833 884 875 932 si
918 882 1025 931 fors
1067 880 1203 937 tulit,
1248 894 1449 927 ancora
1489 882 1663 942 pratO,

275 983 393 1032 Aut
433 982 680 1030 subiecta
721 985 901 1028 terunt
942 992 1139 1024 curvae
1180 973 1362 1021 vineta
1404 969 1634 1019 carinae.

278 1077 360 1134 Et,
405 1076 571 1124 modo
615 1090 724 1138 qua
766 1069 994 1136 graciles
1037 1083 1261 1133 gramen
1305 1080 1558 1130 carpsere
1600 1060 1861 1128 capellae,

276 1170 437 1219 Nunc
480 1168 551 1217 ibi
594 1165 869 1215 deformes
911 1169 1125 1228 ponunt
1165 1177 1261 1209 sua
1303 1173 1538 1223 corpora
1578 1155 1812 1222 phocae.

274 1337 544 1386 Mirantur
585 1333 686 1383 sub
742 1348 884 1398 aqua
937 1329 1091 1378 lucos
1147 1326 1421 1391 urbesque
1474 1324 1784 1389 domosque

272 1430 568 1488 Nereides,
624 1427 899 1491 silvasque
942 1430 1129 1473 tenent
1169 1419 1473 1485 delphines,
1519 1425 1572 1467 et
1612 1416 1733 1466 altis

276 1526 561 1574 Incursant
604 1520 766 1569 ramis
808 1518 1122 1583 agitataque
1165 1513 1365 1563 robora
1406 1512 1639 1578 pulsant.

279 1619 384 1667 Nat
426 1617 586 1682 lupus
631 1615 769 1663 inter
810 1628 956 1667 oves,
1000 1609 1176 1659 fulvos
1216 1607 1367 1656 vehit
1408 1606 1553 1655 unda
1594 1604 1797 1663 leones,

271 1712 434 1762 Unda
475 1709 623 1759 vehit
665 1708 849 1772 tigres.
930 1704 1047 1753 Nec
1087 1703 1228 1751 vires
1271 1700 1510 1750 fulminis
1553 1715 1704 1765 apro,

272 1804 442 1855 Crura
486 1820 582 1852 nec
627 1801 810 1850 ablato
854 1805 1087 1865 prosunt
1126 1795 1336 1845 velocia
1376 1810 1554 1843 cervo.

274 1897 662 1962 Quaesitisque
705 1895 796 1943 diu
841 1892 1012 1950 terris,
1058 1890 1148 1939 ubi
1191 1889 1381 1938 sistere
1423 1887 1597 1946 detur,

276 1992 336 2040 In
381 2008 527 2040 mare
570 1989 782 2038 lassatis
824 1985 1061 2036 volucris
1101 2001 1242 2049 vaga
1295 1982 1500 2032 decidit
1541 1981 1655 2031 alis.

276 2153 550 2204 Obruerat
591 2150 835 2201 tumulos
878 2149 1148 2199 immensa
1188 2144 1406 2196 licentia
1446 2143 1620 2211 ponti,

277 2247 680 2312 I'ulsabantque
726 2244 851 2294 novi
897 2250 1158 2292 montana
1198 2239 1486 2289 cacumina
1527 2237 1735 2287 fluctus.

274 2342 522 2390 Maxima
565 2357 690 2406 pars
734 2338 880 2387 unda
921 2336 1157 2402 rapitur3
1219 2333 1418 2400 quibus
1462 2332 1609 2381 unda
1648 2329 1912 2397 pepercit,

273 2434 402 2484 Illos
443 2434 611 2499 longa
652 2434 883 2483 domant
924 2430 1074 2496 inopi
1118 2427 1318 2478 ieiunia
1357 2425 1521 2476 victu.

626 2696 894 2743 Deucalion
942 2700 986 2740 et
1028 2692 1229 2753 Pyrrha
1276 2689 1368 2736 soli
1409 2693 1682 2735 servantur.

354 2854 587 2922 Separat
627 2853 844 2904 Aonios
887 2851 1108 2904 Oetaeis
1152 2849 1349 2899 Phocis
1390 2848 1457 2897 ab
1500 2847 1657 2907 arvis,

277 2953 446 3003 Terra
487 2951 656 3007 ferax,
700 2950 831 2999 dum
873 2955 1015 2997 terra
1056 2944 1182 3005 fuit;
1243 2943 1338 2994 sed
1380 2950 1632 3009 tempore
1674 2941 1725 2990 in
1768 2940 1859 2991 illo

280 3048 409 3098 Pars
452 3044 615 3096 maris
657 3051 710 3093 et
750 3042 888 3091 latus
930 3040 1232 3090 subitarum
1277 3055 1505 3104 campus
1548 3054 1828 3103 aquarum.

280 3142 444 3191 Mons
487 3138 559 3188 ibi
599 3134 895 3187 verticibus
938 3133 1075 3198 petit
1114 3132 1314 3181 arduus
1358 3139 1501 3181 astra
1541 3130 1775 3186 duobus,
