1950 3340
215 2759 260 2797 33

329 170 419 218 150·
872 183 920 222 P.
968 181 1251 223 OVIDIUS
1299 180 1476 223 NASO

390 325 695 391 “Aspice‚''
726 324 961 383 dicebat,
1005 328 1254 389 “quanta
1293 323 1425 373 mihi
1467 324 1613 374 mole
1654 334 1896 392 parentu:
1927 355 1950 392 m

319 421 566 473 Insidiae,
612 428 921 483 quantaque
963 426 1128 484 caput
1172 433 1297 466 cum
1339 417 1526 467 fraude
1567 426 1801 485 petatur,

319 515 480 579 Quod
525 514 589 561 de
633 512 912 560 Dardanio
955 512 1130 560 solum
1176 510 1307 560 mihi
1350 520 1517 563 restat
1557 513 1693 563 Iulo.

317 609 512 656 Solane
554 622 771 671 semper
812 622 904 654 ero
947 605 1097 654 iustis
1139 605 1381 655 exercita
1422 606 1599 656 curis?

897 697 1045 763 Quid
1088 715 1231 749 nunc
1273 699 1494 764 antiqua
1535 701 1797 751 recordor

318 795 532 843 Damna
574 795 676 843 mei
720 793 969 859 generis?
1048 792 1236 841 Timor
1276 791 1363 841 hic
1407 793 1721 844 meminisse
1761 795 1899 862 pri01
1946 773 1950 788 ¹

314 889 436 936 Non
479 889 619 937 sinit.
704 887 785 936 lin
827 887 946 936 acui
988 886 1282 935 sceleratos
1325 887 1544 937 cernitis
1585 904 1759 938 enses.

314 985 467 1045 Quos
509 981 811 1047 prohibete,
855 998 1067 1047 precor,
1112 979 1429 1046 facinusque
1471 981 1748 1048 repellite!
1818 982 1901 1033 Ne
1934 1000 1950 1033 vl

314 1075 493 1125 Caede
535 1076 832 1125 sacerdotis
875 1074 1122 1124 flammas
1165 1074 1502 1139 exstinguite
1536 1074 1789 1126 Vestae.”

382 1259 532 1308 Talia
575 1260 906 1326 nequiquam
948 1268 1066 1310 toto
1104 1261 1295 1311 Venus
1336 1261 1501 1311 anxia
1540 1261 1694 1313 caelo

313 1350 494 1400 Verba
535 1353 688 1413 iacit;
748 1370 1089 1420 superosque
1131 1361 1329 1404 movet.
1410 1353 1519 1419 Qui
1551 1372 1808 1422 rumpere

529 1464 858 1513 quamquam

316 1541 512 1590 Ferrea
555 1559 660 1590 uon
704 1550 933 1607 possunt
972 1550 1220 1593 veterum
1262 1543 1483 1594 decreta
1523 1560 1792 1606 sororum,

316 1633 481 1697 Signa
523 1644 702 1684 tamen
747 1635 921 1685 luctus
964 1637 1094 1686 dant
1136 1636 1282 1687 haud
1326 1638 1531 1688 incerta
1572 1637 1746 1688 futuri.

314 1726 487 1776 Arma
529 1728 703 1778 ferunt
745 1730 881 1778 iuter
922 1730 1101 1795 nigras
1144 1731 1468 1796 crepitantia
1509 1732 1684 1783 nubes

313 1819 714 1887 Terribilesque
755 1823 912 1872 tubas
955 1824 1246 1889 auditaque
1290 1842 1496 1875 cornua
1537 1826 1690 1877 caelo

315 1912 726 1964 Praemonuisse
771 1915 932 1966 nefas.
1014 1916 1155 1967 Solis
1193 1934 1412 1984 quoque
1453 1919 1619 1970 tristis
1662 1921 1844 1988 imago

313 2005 513 2056 Lurida
554 2007 794 2057 sollicitis
838 2009 1137 2075 praebebat
1177 2011 1384 2062 lumina
1423 2013 1594 2063 terris.

311 2187 488 2254 Saepe
532 2188 673 2239 faces
711 2191 857 2240 visae
901 2193 1093 2243 mediis
1137 2194 1327 2246 ardere
1369 2196 1470 2247 sub
1512 2198 1695 2260 astris;

310 2281 484 2346 Saepe
530 2283 665 2331 iuter
706 2284 920 2333 nimbos
965 2295 1150 2351 guttae
1194 2290 1444 2340 cecidere
1486 2301 1770 2355 cruentae3

310 2374 570 2424 Caerulus
612 2385 664 2426 et
699 2377 906 2427 vultum
952 2380 1225 2447 ferrugine
1268 2383 1486 2435 Lucifer
1527 2394 1641 2437 atra

311 2467 541 2531 Sparsus
583 2478 710 2528 erat,
754 2474 925 2537 sparsi
973 2473 1218 2526 Lunares
1260 2479 1526 2544 sanguine
1567 2497 1773 2534 currus.

308 2559 500 2609 Tristia
543 2563 685 2611 mille
732 2565 863 2614 locis
908 2566 1134 2632 Stygius
1177 2571 1330 2622 dedit
1369 2573 1556 2623 omina
1596 2574 1762 2626 bubo,

312 2652 459 2700 Mille
504 2654 632 2703 loeis·
678 2657 977 2711 lacrimavit
1018 2662 1167 2721 ebur,
1212 2673 1514 2732 cantusque
1555 2666 1802 2719 feruntur

310 2743 498 2795 Auditi
543 2751 740 2799 sanctis
783 2760 835 2801 et
872 2754 1039 2803 verba
1083 2756 1316 2807 minacia
1360 2758 1511 2811 lucis,

308 2927 542 2978 Victima
585 2930 729 2981 nulla
769 2931 898 2991 litat,
944 2951 1282 3004 magnosque
1325 2939 1524 2991 instare
1564 2941 1829 2993 tumultus

311 3019 471 3069 Fibra
515 3033 714 3082 monet,
754 3043 1082 3093 caesumque
1125 3040 1291 3097 caput
1331 3034 1599 3100 reperitur
1639 3035 1690 3085 in
1731 3034 1884 3087 extis.

312 3113 480 3178 Inque
524 3115 638 3164 soro
681 3117 996 3185 circumque
1039 3123 1235 3174 domos
1277 3134 1330 3176 et
1368 3128 1579 3194 templa
1617 3129 1846 3179 deorum
