1916 3389
378 152 746 194 DAEDALUS
793 152 878 193 ET
924 151 1168 193 ICARUS
1540 140 1567 190 1

68 315 123 348 er
162 315 303 364 opus
346 297 699 363 monitusque
742 313 914 361 genae
957 296 1216 344 maduere
1257 295 1470 355 seniles,

52 392 217 442 atriae
259 400 529 441 tremuere
572 407 780 439 manus.
862 390 1031 438 Dedit
1072 389 1261 438 oscula
1301 398 1429 439 nato

63 503 113 535 ›n
155 486 350 535 iterum
393 484 950 551 repetendal—-suO,
992 483 1300 548 pennisque
1342 484 1551 534 levatus

0 603 48 640 aare
87 579 250 637 volat,
294 579 594 644 comitique
637 578 808 635 timet,
848 576 998 626 velut
1037 577 1164 635 3165,
1208 577 1276 626 31)
1318 576 1427 627 alto

97 681 341 723 teneram
384 672 597 738 prolem
639 671 905 737 produxit
946 671 998 719 in
1041 677 1165 720 a'e'ra
1207 671 1365 732 nido3

56 774 280 832 aturque
321 765 494 831 sequi,
537 765 945 830 damnosasque
987 764 1164 813 erudit
1205 772 1363 824 artes,

53 868 193 910 iovet
234 859 352 925 ipse
395 876 521 908 suas
563 866 618 908 et
659 858 768 908 nati
811 857 1034 924 respicit
1073 858 1200 909 3135.

0 1056 11 1067 ’·
65 1047 261 1114 aliquis
309 1047 543 1097 tremula
584 1047 717 1097 dum
764 1054 949 1113 captat
995 1047 1302 1098 harundine
1343 1048 1541 1115 pisces,

51 1150 241 1209 pastor
280 1141 478 1208 baculo
520 1142 725 1191 stivave
769 1143 988 1191 innixus
1030 1151 1210 1191 arator

87 1244 139 1286 et
180 1235 461 1301 obstipuit,
506 1236 711 1301 quique
753 1235 976 1286 aethera
1017 1254 1241 1303 carpere
1284 1247 1527 1304 possent,

0 1330 144 1402 midit
183 1346 302 1379 esse
342 1329 494 1379 deos.
575 1329 647 1379 Et
689 1330 796 1379 iam
840 1329 1075 1379 Iunonia
1115 1331 1268 1381 laeva

90 1422 300 1482 Samos,
344 1422 556 1472 fuerant
596 1423 880 1490 Delosque
924 1424 1202 1491 Parosque
1245 1426 1481 1488 relictae,

51 1534 108 1567 ra
149 1517 456 1567 Lebinthus
498 1526 613 1568 erat
653 1517 1001 1584 fecundaque
1044 1520 1204 1568 melle
1247 1520 1532 1586 Calymne,

78 1628 215 1678 puer
255 1612 449 1660 audaci
491 1612 677 1678 coepit
717 1613 958 1676 gaudere
999 1613 1202 1672 volatu,

33 1706 263 1771 ,ruitque
306 1706 503 1755 ducem
547 1706 794 1772 caelique
836 1707 1094 1772 cupidine
1135 1715 1340 1758 tractus

31 1817 78 1850 15
119 1801 232 1866 egit
272 1801 385 1851 iter.
467 1799 665 1866 Rapidi
707 1800 905 1850 vicinia
945 1801 1075 1850 solis

29 1894 77 1945 ‚it
116 1896 388 1954 odoratas,
419 1912 724 1961 pennarum
762 1895 996 1955 Vincula,
1034 1913 1202 1947 ceras.

27 1997 213 2039 uerant
253 2005 438 2050 cerae;
487 1990 665 2038 nudos
707 1990 882 2055 quatit
923 1990 1010 2039 ille
1053 1990 1302 2051 lacertos,

26 2081 265 2149 iigioque
307 2100 497 2132 carens
541 2100 649 2132 non
691 2083 827 2132 ullas
869 2085 1106 2150 percipit
1148 2103 1322 2147 auras,

24 2193 119 2243 que
161 2176 412 2226 caerulea
455 2177 691 2243 patrium
736 2177 1030 2227 clamantia
1073 2196 1274 2229 nomen

23 2269 266 2337 ipiuntur
305 2288 464 2337 aqua,
505 2288 646 2337 quae
688 2287 890 2321 nomen
931 2273 1099 2322 traxit
1140 2273 1208 2322 ab
1251 2274 1358 2325 illo.

19 2464 167 2522 pater
207 2457 412 2517 infelix,
456 2475 555 2507 nec
598 2458 706 2507 iam
750 2467 921 2524 pater,
965 2463 995 2484 ‘⁴
1018 2459 1217 2520 Icare,'‘
1261 2463 1418 2523 dixit,

16 2644 148 2701 are‚”
192 2644 424 2701 dicebat,
470 2663 678 2712 pennas
720 2647 938 2712 aspexit
978 2647 1030 2696 in
1073 2650 1248 2714 undis,

14 2737 244 2803 ¹ovitque
284 2756 409 2787 suas
451 2747 609 2799 artes,
653 2756 966 2806 corpusque
1008 2742 1304 2807 sepulchro

13 2829 171 2880 didit.
251 2830 323 2881 Et
360 2831 520 2881 tellus
562 2850 592 2882 a
633 2833 855 2883 nomine
896 2834 1043 2884 dicta
1082 2837 1297 2903 sepulti.

1614 140 1644 190 9

17 2550 150 2609 are‚''
193 2551 348 2610 dixit,
392 2551 534 2601 “ubi
578 2557 671 2602 es?
750 2552 878 2617 Qua
916 2561 968 2603 te
1011 2555 1237 2619 regione
1279 2558 1636 2624 requiram?’'

1687 1357 1737 1399 35

1685 1835 1737 1872 40

1685 2846 1732 2887 50
