1982 3442
348 250 451 299 104
926 260 975 301 P.
1024 257 1306 300 OVIDIUS
1353 258 1529 299 NASO

350 412 377 430 ‘⁶
401 405 508 455 Sed
551 413 733 453 tamen
775 402 1006 451 exitium
1048 399 1131 449 sae
1173 416 1260 448 me
1303 399 1595 460 meruisse;
1648 401 1780 466 quid
1823 401 1933 451 und

350 498 497 563 Quid
541 498 736 546 meruit
778 496 974 544 frater?
1054 494 1165 543 Cui
1206 493 1277 541 illi
1320 493 1519 542 tradita
1559 502 1704 542 sorte

347 739 374 755 ‘⁶
400 732 566 797 Quod
608 731 648 779 si
692 746 790 778 nee
834 728 1025 787 fratris,
1069 744 1168 776 nee
1210 734 1261 776 te
1305 744 1427 775 mea
1469 727 1642 791 gratia
1682 728 1870 794 tangit,

344 824 424 874 At
464 824 597 874 eaeli
642 824 896 872 miserere
938 822 1033 870 tui.
1114 820 1491 886 Circumspice
1535 829 1846 887 utrumque,

344 919 543 967 Fumat
585 925 814 981 uterque
856 915 1033 981 polus.
1115 913 1272 978 Quos
1314 913 1355 962 si
1397 913 1667 964 vitiaverit
1707 915 1864 980 ignis,

343 1011 502 1060 Atria
542 1019 720 1059 vestra
761 1017 932 1058 ruent.
1011 1006 1170 1056 Atlas
1213 1024 1278 1055 en
1322 1007 1437 1073 ipse
1480 1006 1707 1068 laborat,

224 1122 297 1166 255
346 1105 565 1169 X'ixque
608 1104 716 1151 suis
760 1102 960 1150 umeris
1002 1102 1331 1150 candentem
1374 1101 1605 1151 sustinet
1646 1119 1825 1152 axem.

346 1198 400 1247 si
443 1198 592 1255 freta,
635 1197 676 1245 si
718 1203 892 1245 terrae
935 1202 1181 1260 pereunt,
1226 1193 1269 1243 si
1312 1194 1461 1259 regia
1502 1195 1654 1257 caeli,

345 1290 405 1338 In
448 1290 616 1338 chaos
658 1289 944 1354 antiquum
987 1287 1391 1337 confundimur.
1474 1287 1643 1354 Eripe
1685 1289 1920 1339 flammis
1956 1285 1982 1358 ἧι

345 1384 401 1434 s'i
444 1384 573 1449 quid
616 1382 794 1431 adhue
839 1389 1108 1447 superest,
1151 1389 1204 1431 et
1245 1398 1424 1430 rerum
1469 1382 1693 1432 consule
1735 1400 1959 1433 summa

472 1611 692 1670 lchpilcr
716 1610 1021 1655 l-'lme'tlmnta
1048 1611 1096 1655 in
1124 1611 1407 1657 Eridanum
1419 1612 1636 1672 fulmine
1658 1612 1806 1670 deicit,
1834 1613 1924 1673 ign«

1077 1694 1353 1751 exstinguit.

420 1810 652 1859 Dixerat
692 1808 828 1858 haee
868 1809 1082 1858 Tellus:
1136 1827 1313 1876 neque
1356 1811 1500 1860 enim
1543 1812 1773 1861 tolerare
1814 1803 1957 1878 vaps

225 1915 302 1954 260
346 1904 588 1955 Ulterius
632 1903 812 1969 potuit
853 1921 952 1952 nee
996 1904 1176 1953 dicere
1219 1904 1404 1970 plura;
1455 1922 1728 1971 suumque

350 1998 577 2047 Rettulit
618 2014 679 2047 os
721 1997 772 2046 in
815 2014 871 2046 se
913 1998 1288 2063 propioraque
1333 1999 1591 2048 Manibus
1633 2006 1804 2049 antra.

346 2138 423 2188 At
464 2147 618 2205 pater
658 2138 1028 2203 omnipotens,
1072 2155 1302 2203 superos
1344 2145 1572 2187 testatus
1614 2145 1667 2188 et
1707 2138 1904 2204 ipsum,

347 2232 455 2298 Qui
500 2233 725 2282 dederat
767 2249 971 2290 currus,
1017 2231 1116 2280 nisi
1159 2248 1324 2297 opem
1367 2231 1516 2291 ferat,
1560 2232 1746 2281 omnia
1786 2231 1897 2282 fato

350 2328 637 2376 interitura
680 2326 847 2391 gravi,
891 2342 1163 2374 summam
1209 2325 1345 2390 petit
1387 2326 1588 2374 arduus
1630 2341 1828 2385 arcem,

227 2428 299 2479 265
349 2420 688 2477 Undosolet
729 2420 847 2468 latis
891 2420 1063 2468 nubes
1108 2419 1366 2468 inducere
1410 2419 1580 2478 terris,

348 2514 508 2563 Unde
553 2521 737 2562 movet
777 2513 1009 2562 tonitrus
1051 2513 1372 2578 vibrataque
1415 2511 1642 2562 fulmina
1684 2513 1862 2563 iactat0

348 2606 455 2655 Sed
499 2624 691 2672 neque,
737 2624 871 2672 quas
914 2615 1102 2671 posset
1144 2607 1299 2656 terris
1343 2607 1617 2666 inducere,
1661 2607 1834 2656 nubes

344 2701 499 2749 Tune
542 2700 748 2759 habuit,
793 2717 891 2748 nee
934 2718 1073 2766 quos
1116 2701 1270 2750 eaelo
1313 2701 1627 2760 dimitteret,
1672 2700 1889 2751 imbres.

348 2794 582 2852 Intonat,
626 2801 679 2843 et
719 2793 915 2842 dextra
956 2793 1212 2843 libratum
1254 2794 1459 2844 fulmen
1503 2795 1570 2844 ab
1613 2810 1741 2844 aure

223 2901 300 2939 270
349 2887 499 2936 Misit
542 2887 590 2935 in
635 2887 879 2951 aurigam
924 2887 1237 2953 pariterque
1280 2889 1574 2955 animaque
1617 2887 1862 2953 rotisque

347 2980 592 3046 Expulit,
635 2989 688 3030 et
727 2981 901 3030 saevis
942 2982 1546 3047 compescuit·ignibus
1588 2983 1757 3047 ignes.

347 3120 781 3170 Consternantur
821 3120 946 3186 equi
989 3128 1042 3170 et
1082 3120 1219 3170 saltu
1264 3122 1315 3170 in
1358 3122 1630 3171 contraria
1671 3122 1815 3172 facto

347 3213 503 3263 Colla
544 3214 673 3277 iugo
716 3214 954 3279 eripiunt
999 3214 1342 3281 abruptaque
1383 3215 1499 3264 lora
1540 3214 1867 3282 relinquunt.
