1966 3421
143 478 189 519 55

140 1037 190 1076 60

179 1798 192 1804 -
243 1768 481 1833 Quoque
525 1775 638 1816 erat
679 1766 973 1823 accinctus,
1018 1764 1239 1814 demisit
1281 1765 1331 1813 in
1379 1764 1467 1813 ilia
1512 1763 1729 1822 ferrum,

235 210 335 260 113
735 205 755 220 ⁴
810 215 858 256 P.
902 212 1182 255 evimus
1231 211 1407 254 NASO

236 362 512 429 Repperit,
557 366 583 383 “
611 359 734 408 Una
775 352 967 413 duos,’'
1012 354 1201 420 inquit,
1245 358 1413 403 “nox
1454 355 1648 421 perdet
1693 365 1899 409 amante

237 459 280 508 E
336 456 534 522 quibus
589 452 675 501 illa
728 450 826 500 fuit
878 449 1043 514 longa
1095 448 1418 513 dignissima
1460 448 1587 508 vita,

235 552 436 601 Nostra
489 562 692 596 nocens
747 544 929 593 anima
981 550 1077 592 cst.
1172 541 1295 607 Ego
1349 550 1417 601 te,
1474 542 1797 604 miseranda,
1852 562 1900 612 p«
1943 527 1949 568 ,³

379 642 501 700 emi,

239 739 298 787 In
354 738 472 785 luca
526 734 687 800 plena
741 739 917 780 metus
972 729 1062 795 qui
1120 726 1246 778 iussi
1303 737 1463 778 nocte
1516 731 1743 791 venires,

238 831 350 880 Nec
406 828 553 894 prior
607 826 713 875 huc
766 823 901 873 veni.
1000 822 1263 871 Nostrum
1318 822 1558 872 divellite
1611 841 1830 891 corpus,

239 925 309 973 lit
361 922 623 972 scelerata
677 918 789 968 sero
845 915 1151 966 consumite
1181 916 1389 964 viscera
1443 933 1643 977 morsu,

238 1023 286 1068 O
342 1016 677 1083 quicumque
731 1013 832 1061 sub
887 1011 988 1061 hac
1044 1009 1299 1059 habitatis
1356 1027 1505 1076 rupe,
1560 1010 1764 1062 leones.

241 1110 350 1160 Sed
405 1108 580 1159 timidi
635 1114 716 1156 est
770 1113 961 1172 optare
1017 1102 1255 1152 necem.’'

1369 1282 1660 1334 Velamina
1710 1284 1905 1335 Thisbe

239 1383 417 1440 Tollit,
474 1389 526 1429 et
579 1379 644 1428 ad
701 1386 891 1443 pactae
944 1392 1133 1425 secum
1188 1375 1290 1425 fert
1343 1375 1552 1425 arboris
1607 1378 1873 1429 umbram.
1931 1407 1934 1419 ι

244 1476 427 1541 thue
482 1474 631 1522 dedit
685 1480 844 1520 notae
901 1470 1165 1527 lacrimas,
1215 1469 1364 1519 dedit
1419 1470 1608 1520 oscula
1660 1472 1810 1531 vesti,
1908 1458 1911 1461 .

243 1569 510 1634 “Accipe
595 1563 787 1624 nunc,'’
858 1563 1049 1630 iuquit,
1113 1562 1334 1612 “nostri
1405 1580 1627 1631 quoque
1700 1561 1935 1632 sangui22

388 1673 641 1722 haustus!
673 1673 697 1689 ''

242 1862 356 1911 Nec
401 1878 567 1920 mora,
611 1859 836 1910 ferventi
882 1858 1118 1908 moriens
1160 1876 1187 1907 e
1232 1857 1455 1907 vulnere
1497 1857 1675 1908 traxit.

242 2054 315 2104 Ut
358 2053 521 2103 iacuit
563 2052 851 2118 resupinus
894 2050 1081 2107 humo,
1125 2066 1287 2099 cruor
1328 2048 1529 2098 emicat
1569 2047 1690 2106 alte,

242 2150 368 2199 Non
412 2151 579 2208 aliter,
624 2167 787 2216 quam
831 2165 955 2198 cum
1001 2149 1191 2199 vitiato
1234 2148 1413 2198 fistula
1455 2147 1683 2214 plumbo

241 2244 532 2301 Scinditur,
576 2252 629 2293 et
668 2243 816 2293 tenui
859 2243 1120 2292 stridente
1163 2242 1427 2292 foramine
1470 2242 1662 2307 longas

242 2338 555 2388 Iiiaculatur
596 2356 764 2404 aquas
808 2346 972 2404 atque
1015 2337 1212 2386 ictibus
1257 2342 1380 2386 aera
1422 2336 1640 2402 rumpit.

242 2432 474 2481 Arborei
516 2416 656 2481 ¹setus
699 2432 988 2498 aspergine
1031 2431 1214 2480 caedis
1257 2431 1306 2479 in
1351 2438 1521 2480 atram

241 2526 539 2575 Vertuntur
581 2525 792 2580 faciem,
839 2524 1258 2591 madefactaque
1303 2524 1569 2589 sanguine
1612 2522 1799 2572 radix·

244 2619 480 2668 Puniceo
534 2619 733 2684 tinguit
787 2619 1083 2684 pendentia
1138 2635 1292 2667 mora
1345 2617 1542 2667 colore.

244 2804 388 2854 Ecce
431 2814 575 2855 metu
622 2806 866 2855 nondum
911 2806 1111 2871 posite,
1157 2822 1223 2855 ne
1265 2804 1413 2855 fallat
1453 2811 1743 2860 amantem,

247 2898 344 2947 Illa
386 2899 537 2957 redit,
583 2899 946 2965 iuvenemque
989 2899 1161 2948 oculis
1205 2899 1500 2964 animoque
1543 2895 1784 2963 requirit,

245 2990 574 3058 Quantaque
615 2993 795 3062 vitarit
837 3010 1051 3041 narrare
1095 2992 1338 3058 pericula
1379 2991 1555 3057 gestit.

245 3084 428 3150 thue
471 3085 651 3134 locum
695 3094 747 3135 et
785 3086 899 3135 visa
941 3086 1228 3149 cognoscit
1269 3085 1320 3134 in
1363 3085 1557 3134 arbore
1598 3083 1848 3142 formam,
1948 3147 1950 3153 ,

246 3177 334 3226 Sic
376 3177 502 3227 facit
543 3179 803 3227 incertam
848 3179 998 3244 pomi
1041 3178 1220 3239 color;
1281 3177 1485 3237 haeret,
1528 3194 1593 3226 an
1635 3176 1770 3225 haec
1811 3174 1893 3224 sit.
1947 3163 1951 3176 ⁵
