<?xml version="1.0" encoding="UTF-8"?>
<!DOCTYPE html PUBLIC "-//W3C//DTD XHTML 1.0 Transitional//EN"
    "http://www.w3.org/TR/xhtml1/DTD/xhtml1-transitional.dtd">
<html xmlns="http://www.w3.org/1999/xhtml" xml:lang="en" lang="en">
 <head>
  <title>
</title>
<meta http-equiv="Content-Type" content="text/html;charset=utf-8" />
  <meta name='ocr-system' content='tesseract 3.04.00' />
  <meta name='ocr-capabilities' content='ocr_page ocr_carea ocr_par ocr_line ocrx_word'/>
</head>
<body>
  <div class='ocr_page' id='page_1' title='image "./povidiinasonisca00ovid_0153.png"; bbox 0 0 2018 3400; ppageno 0'>
   <div class='ocr_carea' id='block_1_1' title="bbox 682 197 984 240">
    <p class='ocr_par' dir='ltr' id='par_1_1' title="bbox 682 197 984 240">
     <span class='ocr_line' id='line_1_1' title="bbox 682 197 984 240; baseline 0.007 -2"><span class='ocrx_word' id='word_1_1' title='bbox 682 197 984 240; x_wconf 77' lang='lat' dir='ltr'>PERSEUS</span> 
     </span>
    </p>
   </div>
   <div class='ocr_carea' id='block_1_2' title="bbox 23 0 51 573">
    <p class='ocr_par' dir='ltr' id='par_1_2' title="bbox 23 0 51 573">
     <span class='ocr_line' id='line_1_2' title="bbox 23 0 51 573; baseline 0 -263"><span class='ocrx_word' id='word_1_2' title='bbox 23 0 51 573; x_wconf 95' lang='lat' dir='ltr'>   </span> 
     </span>
    </p>
   </div>
   <div class='ocr_carea' id='block_1_3' title="bbox 75 440 1335 508">
    <p class='ocr_par' dir='ltr' id='par_1_3' title="bbox 75 440 1335 508">
     <span class='ocr_line' id='line_1_3' title="bbox 75 440 1335 508; baseline 0.002 -18"><span class='ocrx_word' id='word_1_3' title='bbox 75 457 196 490; x_wconf 89' lang='lat' dir='ltr'>mea</span> <span class='ocrx_word' id='word_1_4' title='bbox 234 440 319 500; x_wconf 88' lang='lat' dir='ltr'>sit,</span> <span class='ocrx_word' id='word_1_5' title='bbox 361 448 574 490; x_wconf 82' lang='lat' dir='ltr'>servata</span> <span class='ocrx_word' id='word_1_6' title='bbox 615 457 738 489; x_wconf 88' lang='lat' dir='ltr'>mea</span> <span class='ocrx_word' id='word_1_7' title='bbox 776 440 990 500; x_wconf 81' lang='lat' dir='ltr'>virtute,</span> <span class='ocrx_word' id='word_1_8' title='bbox 1033 442 1335 508; x_wconf 86' lang='lat' dir='ltr'>paciscor.&#39;&#39;</span> 
     </span>
    </p>
   </div>
   <div class='ocr_carea' id='block_1_4' title="bbox 1593 189 1695 240">
    <p class='ocr_par' dir='ltr' id='par_1_4' title="bbox 1593 189 1695 240">
     <span class='ocr_line' id='line_1_4' title="bbox 1593 189 1695 240; baseline 0.02 -2"><span class='ocrx_word' id='word_1_9' title='bbox 1593 189 1695 240; x_wconf 61' lang='lat'>1223</span> 
     </span>
    </p>
   </div>
   <div class='ocr_carea' id='block_1_5' title="bbox 52 345 1629 416">
    <p class='ocr_par' dir='ltr' id='par_1_5' title="bbox 52 345 1629 416">
     <span class='ocr_line' id='line_1_5' title="bbox 52 345 1629 416; baseline 0.002 -19"><span class='ocrx_word' id='word_1_10' title='bbox 52 347 195 398; x_wconf 89' lang='lat' dir='ltr'>tibus</span> <span class='ocrx_word' id='word_1_11' title='bbox 236 354 290 397; x_wconf 89' lang='lat' dir='ltr'>et</span> <span class='ocrx_word' id='word_1_12' title='bbox 331 346 602 406; x_wconf 87' lang='lat' dir='ltr'>meritum,</span> <span class='ocrx_word' id='word_1_13' title='bbox 646 345 864 396; x_wconf 86' lang='lat' dir='ltr'>faveant</span> <span class='ocrx_word' id='word_1_14' title='bbox 904 347 1072 396; x_wconf 87' lang='lat' dir='ltr'>modo</span> <span class='ocrx_word' id='word_1_15' title='bbox 1114 349 1356 409; x_wconf 87' lang='lat' dir='ltr'>numina,</span> <span class='ocrx_word' id='word_1_16' title='bbox 1398 358 1629 416; x_wconf 78' lang='lat' dir='ltr'>tempto,</span> 
     </span>
    </p>
   </div>
   <div class='ocr_carea' id='block_1_6' title="bbox 0 607 1624 675">
    <p class='ocr_par' dir='ltr' id='par_1_6' title="bbox 0 607 1624 675">
     <span class='ocr_line' id='line_1_6' title="bbox 0 607 1624 675; baseline 0.001 -17"><span class='ocrx_word' id='word_1_17' title='bbox 0 630 22 666; x_wconf 65' lang='lat' dir='ltr'>es</span> <span class='ocrx_word' id='word_1_18' title='bbox 49 607 258 675; x_wconf 82' lang='lat' dir='ltr'><strong>cipiunt</strong></span> <span class='ocrx_word' id='word_1_19' title='bbox 299 607 478 672; x_wconf 82' lang='lat' dir='ltr'>legem</span> <span class='ocrx_word' id='word_1_20' title='bbox 497 636 568 642; x_wconf 88' lang='lat'>—</span> <span class='ocrx_word' id='word_1_21' title='bbox 587 607 708 674; x_wconf 88' lang='lat' dir='ltr'>quis</span> <span class='ocrx_word' id='word_1_22' title='bbox 751 607 897 657; x_wconf 89' lang='lat' dir='ltr'>enim</span> <span class='ocrx_word' id='word_1_23' title='bbox 939 608 1250 659; x_wconf 73' lang='lat' dir='ltr'>dubitaret?</span> <span class='ocrx_word' id='word_1_24' title='bbox 1269 638 1340 644; x_wconf 96' lang='lat'><strong>—</strong></span> <span class='ocrx_word' id='word_1_25' title='bbox 1358 618 1411 660; x_wconf 89' lang='lat' dir='ltr'>et</span> <span class='ocrx_word' id='word_1_26' title='bbox 1451 618 1624 671; x_wconf 85' lang='lat' dir='ltr'>orant,</span> 
     </span>
    </p>
   </div>
   <div class='ocr_carea' id='block_1_7' title="bbox 34 702 1417 769">
    <p class='ocr_par' dir='ltr' id='par_1_7' title="bbox 34 702 1417 769">
     <span class='ocr_line' id='line_1_7' title="bbox 34 702 1417 769; baseline -0.001 -17"><span class='ocrx_word' id='word_1_27' title='bbox 34 702 397 768; x_wconf 74' lang='lat' dir='ltr'>amittuntque</span> <span class='ocrx_word' id='word_1_28' title='bbox 438 718 604 768; x_wconf 89' lang='lat' dir='ltr'>super</span> <span class='ocrx_word' id='word_1_29' title='bbox 645 718 877 767; x_wconf 83' lang='lat' dir='ltr'>regnum</span> <span class='ocrx_word' id='word_1_30' title='bbox 919 702 1102 752; x_wconf 88' lang='lat' dir='ltr'>dotale</span> <span class='ocrx_word' id='word_1_31' title='bbox 1144 711 1417 769; x_wconf 83' lang='lat' dir='ltr'>parentes.</span> 
     </span>
    </p>
   </div>
   <div class='ocr_carea' id='block_1_8' title="bbox 0 709 69 2848">
    <p class='ocr_par' dir='ltr' id='par_1_8' title="bbox 0 709 69 2848">
     <span class='ocr_line' id='line_1_8' title="bbox 20 709 35 834; baseline 0 0"><span class='ocrx_word' id='word_1_32' title='bbox 20 709 35 834; x_wconf 95' lang='lat' dir='ltr'>  </span> 
     </span>
     <span class='ocr_line' id='line_1_9' title="bbox 16 834 32 1061; baseline 0 -40"><span class='ocrx_word' id='word_1_33' title='bbox 16 834 32 1061; x_wconf 95' lang='lat' dir='ltr'>   </span> 
     </span>
     <span class='ocr_line' id='line_1_10' title="bbox 15 1061 35 1343; baseline 0 -186"><span class='ocrx_word' id='word_1_34' title='bbox 15 1061 35 1343; x_wconf 95' lang='lat' dir='ltr'>     </span> 
     </span>
     <span class='ocr_line' id='line_1_11' title="bbox 5 1343 41 1510; baseline 0 -71"><span class='ocrx_word' id='word_1_35' title='bbox 5 1343 41 1510; x_wconf 95' lang='lat' dir='ltr'>  </span> 
     </span>
     <span class='ocr_line' id='line_1_12' title="bbox 3 1510 69 1780; baseline 0 -133"><span class='ocrx_word' id='word_1_36' title='bbox 3 1510 69 1780; x_wconf 95' lang='lat' dir='ltr'>   </span> 
     </span>
     <span class='ocr_line' id='line_1_13' title="bbox 0 1780 45 2062; baseline 0 -39"><span class='ocrx_word' id='word_1_37' title='bbox 0 1780 45 2062; x_wconf 95' lang='lat' dir='ltr'>    </span> 
     </span>
     <span class='ocr_line' id='line_1_14' title="bbox 0 2062 10 2321; baseline 0 0"><span class='ocrx_word' id='word_1_38' title='bbox 0 2062 10 2321; x_wconf 95' lang='lat' dir='ltr'>  </span> 
     </span>
     <span class='ocr_line' id='line_1_15' title="bbox 0 2321 7 2783; baseline 0 -43"><span class='ocrx_word' id='word_1_39' title='bbox 0 2321 7 2783; x_wconf 95' lang='lat' dir='ltr'>   </span> 
     </span>
     <span class='ocr_line' id='line_1_16' title="bbox 0 2783 3 2848; baseline 0 552"><span class='ocrx_word' id='word_1_40' title='bbox 0 2783 3 2848; x_wconf 95' lang='lat' dir='ltr'> </span> 
     </span>
    </p>
   </div>
   <div class='ocr_carea' id='block_1_9' title="bbox 23 867 1542 1500">
    <p class='ocr_par' dir='ltr' id='par_1_9' title="bbox 31 867 1252 934">
     <span class='ocr_line' id='line_1_17' title="bbox 31 867 1252 934; baseline 0.003 -18"><span class='ocrx_word' id='word_1_41' title='bbox 31 885 103 918; x_wconf 92' lang='lat' dir='ltr'>:ce</span> <span class='ocrx_word' id='word_1_42' title='bbox 141 867 291 918; x_wconf 87' lang='lat' dir='ltr'>velut</span> <span class='ocrx_word' id='word_1_43' title='bbox 331 868 482 917; x_wconf 87' lang='lat' dir='ltr'>navis</span> <span class='ocrx_word' id='word_1_44' title='bbox 524 867 774 934; x_wconf 75' lang='lat' dir='ltr'>praefixo</span> <span class='ocrx_word' id='word_1_45' title='bbox 818 868 1035 920; x_wconf 88' lang='lat' dir='ltr'>concita</span> <span class='ocrx_word' id='word_1_46' title='bbox 1075 877 1252 920; x_wconf 90' lang='lat' dir='ltr'>rostro</span> 
     </span>
    </p>

    <p class='ocr_par' dir='ltr' id='par_1_10' title="bbox 27 962 1483 1123">
     <span class='ocr_line' id='line_1_18' title="bbox 38 962 1483 1028; baseline 0.001 -17"><span class='ocrx_word' id='word_1_47' title='bbox 38 962 145 1011; x_wconf 87' lang='lat' dir='ltr'>lcat</span> <span class='ocrx_word' id='word_1_48' title='bbox 185 979 372 1028; x_wconf 86' lang='lat' dir='ltr'>aquas,</span> <span class='ocrx_word' id='word_1_49' title='bbox 416 962 675 1011; x_wconf 87' lang='lat' dir='ltr'>iuvenum</span> <span class='ocrx_word' id='word_1_50' title='bbox 719 963 1045 1013; x_wconf 85' lang='lat' dir='ltr'>sudantibus</span> <span class='ocrx_word' id='word_1_51' title='bbox 1089 972 1209 1013; x_wconf 85' lang='lat' dir='ltr'>acta</span> <span class='ocrx_word' id='word_1_52' title='bbox 1251 962 1483 1022; x_wconf 87' lang='lat' dir='ltr'>lacertis,</span> 
     </span>
     <span class='ocr_line' id='line_1_19' title="bbox 27 1055 1229 1123; baseline 0.002 -19"><span class='ocrx_word' id='word_1_53' title='bbox 27 1072 47 1105; x_wconf 77' lang='lat'>3</span> <span class='ocrx_word' id='word_1_54' title='bbox 89 1055 201 1105; x_wconf 88' lang='lat' dir='ltr'>fera</span> <span class='ocrx_word' id='word_1_55' title='bbox 241 1056 462 1105; x_wconf 88' lang='lat' dir='ltr'>dimotis</span> <span class='ocrx_word' id='word_1_56' title='bbox 505 1056 744 1123; x_wconf 86' lang='lat' dir='ltr'>impulsu</span> <span class='ocrx_word' id='word_1_57' title='bbox 787 1057 1027 1123; x_wconf 74' lang='lat' dir='ltr'>pectoris</span> <span class='ocrx_word' id='word_1_58' title='bbox 1069 1058 1229 1107; x_wconf 89' lang='lat' dir='ltr'>undis</span> 
     </span>
    </p>

    <p class='ocr_par' dir='ltr' id='par_1_11' title="bbox 23 1150 1542 1405">
     <span class='ocr_line' id='line_1_20' title="bbox 38 1150 1542 1217; baseline 0.003 -19"><span class='ocrx_word' id='word_1_59' title='bbox 38 1157 189 1200; x_wconf 90' lang='lat' dir='ltr'>ntum</span> <span class='ocrx_word' id='word_1_60' title='bbox 232 1150 421 1200; x_wconf 88' lang='lat' dir='ltr'>aberat</span> <span class='ocrx_word' id='word_1_61' title='bbox 460 1150 720 1216; x_wconf 90' lang='lat' dir='ltr'>scopulis,</span> <span class='ocrx_word' id='word_1_62' title='bbox 765 1159 1032 1217; x_wconf 85' lang='lat' dir='ltr'>quantum</span> <span class='ocrx_word' id='word_1_63' title='bbox 1074 1151 1356 1201; x_wconf 75' lang='lat' dir='ltr'>Balearica</span> <span class='ocrx_word' id='word_1_64' title='bbox 1395 1159 1542 1203; x_wconf 91' lang='lat' dir='ltr'>torto</span> 
     </span>
     <span class='ocr_line' id='line_1_21' title="bbox 25 1243 1468 1310; baseline 0.002 -18"><span class='ocrx_word' id='word_1_65' title='bbox 25 1244 149 1293; x_wconf 86' lang='lat' dir='ltr'>1nda</span> <span class='ocrx_word' id='word_1_66' title='bbox 189 1251 374 1310; x_wconf 90' lang='lat' dir='ltr'>potest</span> <span class='ocrx_word' id='word_1_67' title='bbox 413 1243 645 1310; x_wconf 90' lang='lat' dir='ltr'>plumbo</span> <span class='ocrx_word' id='word_1_68' title='bbox 688 1245 854 1294; x_wconf 87' lang='lat' dir='ltr'>medii</span> <span class='ocrx_word' id='word_1_69' title='bbox 895 1245 1261 1295; x_wconf 74' lang='lat' dir='ltr'>transmittere</span> <span class='ocrx_word' id='word_1_70' title='bbox 1304 1245 1468 1307; x_wconf 87' lang='lat' dir='ltr'>caeli;</span> 
     </span>
     <span class='ocr_line' id='line_1_22' title="bbox 23 1337 1348 1405; baseline 0.002 -19"><span class='ocrx_word' id='word_1_71' title='bbox 23 1354 99 1386; x_wconf 78' lang='lat' dir='ltr'>im</span> <span class='ocrx_word' id='word_1_72' title='bbox 141 1337 324 1387; x_wconf 88' lang='lat' dir='ltr'>subito</span> <span class='ocrx_word' id='word_1_73' title='bbox 367 1337 575 1388; x_wconf 81' lang='lat' dir='ltr'>iuvenis</span> <span class='ocrx_word' id='word_1_74' title='bbox 617 1339 853 1405; x_wconf 86' lang='lat' dir='ltr'>pedibus</span> <span class='ocrx_word' id='word_1_75' title='bbox 894 1339 1086 1389; x_wconf 88' lang='lat' dir='ltr'>tellure</span> <span class='ocrx_word' id='word_1_76' title='bbox 1128 1339 1348 1405; x_wconf 81' lang='lat' dir='ltr'>repulsa</span> 
     </span>
    </p>

    <p class='ocr_par' dir='ltr' id='par_1_12' title="bbox 41 1431 1475 1500">
     <span class='ocr_line' id='line_1_23' title="bbox 41 1431 1475 1500; baseline 0.002 -20"><span class='ocrx_word' id='word_1_77' title='bbox 41 1431 180 1481; x_wconf 91' lang='lat' dir='ltr'>duus</span> <span class='ocrx_word' id='word_1_78' title='bbox 222 1431 275 1481; x_wconf 91' lang='lat' dir='ltr'>in</span> <span class='ocrx_word' id='word_1_79' title='bbox 317 1432 490 1482; x_wconf 88' lang='lat' dir='ltr'>nubes</span> <span class='ocrx_word' id='word_1_80' title='bbox 533 1432 680 1484; x_wconf 80' lang='lat' dir='ltr'>abiit.</span> <span class='ocrx_word' id='word_1_81' title='bbox 759 1433 838 1483; x_wconf 92' lang='lat' dir='ltr'>Ut</span> <span class='ocrx_word' id='word_1_82' title='bbox 878 1433 930 1482; x_wconf 89' lang='lat' dir='ltr'>in</span> <span class='ocrx_word' id='word_1_83' title='bbox 972 1450 1213 1500; x_wconf 85' lang='lat' dir='ltr'>aequore</span> <span class='ocrx_word' id='word_1_84' title='bbox 1257 1450 1475 1483; x_wconf 86' lang='lat' dir='ltr'>summo</span> 
     </span>
    </p>
   </div>
   <div class='ocr_carea' id='block_1_10' title="bbox 9 1680 1540 2498">
    <p class='ocr_par' dir='ltr' id='par_1_13' title="bbox 26 1680 1457 2029">
     <span class='ocr_line' id='line_1_24' title="bbox 37 1680 1457 1747; baseline 0.001 -17"><span class='ocrx_word' id='word_1_85' title='bbox 37 1697 142 1747; x_wconf 91' lang='lat' dir='ltr'>que</span> <span class='ocrx_word' id='word_1_86' title='bbox 185 1680 330 1730; x_wconf 84' lang='lat' dir='ltr'>Iovis</span> <span class='ocrx_word' id='word_1_87' title='bbox 374 1698 624 1747; x_wconf 79' lang='lat' dir='ltr'>praepes,</span> <span class='ocrx_word' id='word_1_88' title='bbox 667 1698 844 1731; x_wconf 88' lang='lat' dir='ltr'>vacuo</span> <span class='ocrx_word' id='word_1_89' title='bbox 888 1698 1014 1731; x_wconf 91' lang='lat' dir='ltr'>cum</span> <span class='ocrx_word' id='word_1_90' title='bbox 1055 1681 1192 1732; x_wconf 80' lang='lat' dir='ltr'>vidit</span> <span class='ocrx_word' id='word_1_91' title='bbox 1233 1681 1285 1730; x_wconf 92' lang='lat' dir='ltr'>in</span> <span class='ocrx_word' id='word_1_92' title='bbox 1327 1698 1457 1732; x_wconf 83' lang='lat' dir='ltr'>arvo</span> 
     </span>
     <span class='ocr_line' id='line_1_25' title="bbox 26 1774 1402 1840; baseline 0 -16"><span class='ocrx_word' id='word_1_93' title='bbox 26 1774 313 1824; x_wconf 88' lang='lat' dir='ltr'>aebentem</span> <span class='ocrx_word' id='word_1_94' title='bbox 358 1774 585 1824; x_wconf 85' lang='lat' dir='ltr'>Phoebo</span> <span class='ocrx_word' id='word_1_95' title='bbox 628 1774 850 1824; x_wconf 81' lang='lat' dir='ltr'>liventia</span> <span class='ocrx_word' id='word_1_96' title='bbox 890 1783 1045 1840; x_wconf 76' lang='lat' dir='ltr'>terga</span> <span class='ocrx_word' id='word_1_97' title='bbox 1086 1776 1402 1835; x_wconf 84' lang='lat' dir='ltr'>draconem,</span> 
     </span>
     <span class='ocr_line' id='line_1_26' title="bbox 46 1877 1410 1936; baseline -0.001 -17"><span class='ocrx_word' id='word_1_98' title='bbox 46 1878 211 1936; x_wconf 86' lang='lat' dir='ltr'>cupat</span> <span class='ocrx_word' id='word_1_99' title='bbox 254 1886 535 1929; x_wconf 82' lang='lat' dir='ltr'>aversum;</span> <span class='ocrx_word' id='word_1_100' title='bbox 588 1885 692 1917; x_wconf 91' lang='lat' dir='ltr'>neu</span> <span class='ocrx_word' id='word_1_101' title='bbox 736 1886 899 1917; x_wconf 82' lang='lat' dir='ltr'>saeva</span> <span class='ocrx_word' id='word_1_102' title='bbox 943 1877 1258 1934; x_wconf 82' lang='lat' dir='ltr'>retorqueat</span> <span class='ocrx_word' id='word_1_103' title='bbox 1298 1886 1410 1928; x_wconf 85' lang='lat' dir='ltr'>ora,</span> 
     </span>
     <span class='ocr_line' id='line_1_27' title="bbox 40 1962 1356 2029; baseline 0 -16"><span class='ocrx_word' id='word_1_104' title='bbox 40 1964 331 2029; x_wconf 80' lang='lat' dir='ltr'>uamigeris</span> <span class='ocrx_word' id='word_1_105' title='bbox 374 1964 564 2012; x_wconf 85' lang='lat' dir='ltr'>avidos</span> <span class='ocrx_word' id='word_1_106' title='bbox 607 1962 726 2028; x_wconf 80' lang='lat' dir='ltr'>figit</span> <span class='ocrx_word' id='word_1_107' title='bbox 767 1962 1072 2011; x_wconf 83' lang='lat' dir='ltr'>cervicibus</span> <span class='ocrx_word' id='word_1_108' title='bbox 1114 1979 1356 2027; x_wconf 80' lang='lat' dir='ltr'>ungues:</span> 
     </span>
    </p>

    <p class='ocr_par' dir='ltr' id='par_1_14' title="bbox 21 2056 1366 2123">
     <span class='ocr_line' id='line_1_28' title="bbox 21 2056 1366 2123; baseline -0.001 -15"><span class='ocrx_word' id='word_1_109' title='bbox 21 2075 48 2108; x_wconf 94' lang='lat' dir='ltr'>c</span> <span class='ocrx_word' id='word_1_110' title='bbox 89 2058 249 2107; x_wconf 90' lang='lat' dir='ltr'>celeri</span> <span class='ocrx_word' id='word_1_111' title='bbox 293 2058 489 2107; x_wconf 86' lang='lat' dir='ltr'>missus</span> <span class='ocrx_word' id='word_1_112' title='bbox 533 2073 800 2123; x_wconf 83' lang='lat' dir='ltr'>praeceps</span> <span class='ocrx_word' id='word_1_113' title='bbox 843 2073 941 2122; x_wconf 93' lang='lat' dir='ltr'>per</span> <span class='ocrx_word' id='word_1_114' title='bbox 982 2056 1140 2105; x_wconf 86' lang='lat' dir='ltr'>inane</span> <span class='ocrx_word' id='word_1_115' title='bbox 1180 2056 1366 2106; x_wconf 84' lang='lat' dir='ltr'>volatu</span> 
     </span>
    </p>

    <p class='ocr_par' dir='ltr' id='par_1_15' title="bbox 9 2149 1540 2498">
     <span class='ocr_line' id='line_1_29' title="bbox 11 2149 1540 2217; baseline -0.002 -16"><span class='ocrx_word' id='word_1_116' title='bbox 11 2168 134 2217; x_wconf 82' lang='lat' dir='ltr'>erga</span> <span class='ocrx_word' id='word_1_117' title='bbox 173 2151 317 2200; x_wconf 87' lang='lat' dir='ltr'>ferae</span> <span class='ocrx_word' id='word_1_118' title='bbox 359 2151 571 2217; x_wconf 78' lang='lat' dir='ltr'>pressit,</span> <span class='ocrx_word' id='word_1_119' title='bbox 616 2151 928 2216; x_wconf 75' lang='lat' dir='ltr'>dextroque</span> <span class='ocrx_word' id='word_1_120' title='bbox 971 2149 1251 2199; x_wconf 87' lang='lat' dir='ltr'>frementis</span> <span class='ocrx_word' id='word_1_121' title='bbox 1293 2150 1345 2198; x_wconf 89' lang='lat' dir='ltr'>in</span> <span class='ocrx_word' id='word_1_122' title='bbox 1388 2167 1540 2199; x_wconf 89' lang='lat' dir='ltr'>armo</span> 
     </span>
     <span class='ocr_line' id='line_1_30' title="bbox 9 2242 1388 2295; baseline -0.001 -1"><span class='ocrx_word' id='word_1_123' title='bbox 9 2246 245 2295; x_wconf 73' lang='lat' dir='ltr'>iachides</span> <span class='ocrx_word' id='word_1_124' title='bbox 288 2245 488 2294; x_wconf 89' lang='lat' dir='ltr'>ferrum</span> <span class='ocrx_word' id='word_1_125' title='bbox 547 2262 713 2294; x_wconf 78' lang='lat' dir='ltr'>curvo</span> <span class='ocrx_word' id='word_1_126' title='bbox 756 2252 915 2294; x_wconf 88' lang='lat' dir='ltr'>tenus</span> <span class='ocrx_word' id='word_1_127' title='bbox 957 2243 1168 2293; x_wconf 87' lang='lat' dir='ltr'>abdidit</span> <span class='ocrx_word' id='word_1_128' title='bbox 1204 2242 1388 2293; x_wconf 88' lang='lat' dir='ltr'>hamo.</span> 
     </span>
     <span class='ocr_line' id='line_1_31' title="bbox 12 2337 1468 2404; baseline -0.002 -16"><span class='ocrx_word' id='word_1_129' title='bbox 12 2338 195 2388; x_wconf 78' lang='lat' dir='ltr'>ulnere</span> <span class='ocrx_word' id='word_1_130' title='bbox 236 2340 383 2388; x_wconf 85' lang='lat' dir='ltr'>laesa</span> <span class='ocrx_word' id='word_1_131' title='bbox 425 2339 575 2404; x_wconf 80' lang='lat' dir='ltr'>gravi</span> <span class='ocrx_word' id='word_1_132' title='bbox 617 2339 785 2387; x_wconf 90' lang='lat' dir='ltr'>modo</span> <span class='ocrx_word' id='word_1_133' title='bbox 828 2355 884 2387; x_wconf 91' lang='lat' dir='ltr'>se</span> <span class='ocrx_word' id='word_1_134' title='bbox 926 2337 1174 2387; x_wconf 86' lang='lat' dir='ltr'>sublimis</span> <span class='ocrx_word' id='word_1_135' title='bbox 1217 2337 1269 2386; x_wconf 89' lang='lat' dir='ltr'>in</span> <span class='ocrx_word' id='word_1_136' title='bbox 1311 2353 1468 2386; x_wconf 88' lang='lat' dir='ltr'>auras</span> 
     </span>
     <span class='ocr_line' id='line_1_32' title="bbox 14 2429 1488 2498; baseline -0.003 -16"><span class='ocrx_word' id='word_1_137' title='bbox 14 2432 191 2491; x_wconf 89' lang='lat' dir='ltr'>ttollit‚</span> <span class='ocrx_word' id='word_1_138' title='bbox 236 2433 404 2482; x_wconf 87' lang='lat' dir='ltr'>modo</span> <span class='ocrx_word' id='word_1_139' title='bbox 446 2432 633 2482; x_wconf 87' lang='lat' dir='ltr'>subdit</span> <span class='ocrx_word' id='word_1_140' title='bbox 673 2433 843 2498; x_wconf 85' lang='lat' dir='ltr'>aquis,</span> <span class='ocrx_word' id='word_1_141' title='bbox 887 2431 1055 2481; x_wconf 91' lang='lat' dir='ltr'>modo</span> <span class='ocrx_word' id='word_1_142' title='bbox 1099 2447 1251 2479; x_wconf 87' lang='lat' dir='ltr'>more</span> <span class='ocrx_word' id='word_1_143' title='bbox 1293 2429 1488 2479; x_wconf 89' lang='lat' dir='ltr'>ferocis</span> 
     </span>
    </p>
   </div>
   <div class='ocr_carea' id='block_1_11' title="bbox 9 2684 1268 2750">
    <p class='ocr_par' dir='ltr' id='par_1_16' title="bbox 9 2684 1268 2750">
     <span class='ocr_line' id='line_1_33' title="bbox 9 2684 1268 2750; baseline -0.001 -16"><span class='ocrx_word' id='word_1_144' title='bbox 9 2684 56 2734; x_wconf 93' lang='lat' dir='ltr'>le</span> <span class='ocrx_word' id='word_1_145' title='bbox 97 2686 285 2736; x_wconf 86' lang='lat' dir='ltr'>avidos</span> <span class='ocrx_word' id='word_1_146' title='bbox 327 2703 543 2736; x_wconf 88' lang='lat' dir='ltr'>morsus</span> <span class='ocrx_word' id='word_1_147' title='bbox 582 2685 868 2736; x_wconf 82' lang='lat' dir='ltr'>velocibus</span> <span class='ocrx_word' id='word_1_148' title='bbox 909 2685 1103 2750; x_wconf 77' lang='lat' dir='ltr'>effugit</span> <span class='ocrx_word' id='word_1_149' title='bbox 1143 2684 1268 2744; x_wconf 89' lang='lat' dir='ltr'>alis;</span> 
     </span>
    </p>
   </div>
   <div class='ocr_carea' id='block_1_12' title="bbox 0 2871 1544 3217">
    <p class='ocr_par' dir='ltr' id='par_1_17' title="bbox 1 2871 1544 3032">
     <span class='ocr_line' id='line_1_34' title="bbox 3 2871 1544 2938; baseline -0.001 -17"><span class='ocrx_word' id='word_1_150' title='bbox 3 2871 117 2922; x_wconf 73' lang='lat' dir='ltr'>&#39;unc</span> <span class='ocrx_word' id='word_1_151' title='bbox 158 2873 388 2923; x_wconf 88' lang='lat' dir='ltr'>laterum</span> <span class='ocrx_word' id='word_1_152' title='bbox 429 2881 626 2932; x_wconf 90' lang='lat' dir='ltr'>costas,</span> <span class='ocrx_word' id='word_1_153' title='bbox 670 2889 815 2922; x_wconf 91' lang='lat' dir='ltr'>nunc</span> <span class='ocrx_word' id='word_1_154' title='bbox 857 2889 966 2938; x_wconf 82' lang='lat' dir='ltr'>qua</span> <span class='ocrx_word' id='word_1_155' title='bbox 1006 2871 1327 2921; x_wconf 87' lang='lat' dir='ltr'>tenuissima</span> <span class='ocrx_word' id='word_1_156' title='bbox 1368 2871 1544 2920; x_wconf 87' lang='lat' dir='ltr'>cauda</span> 
     </span>
     <span class='ocr_line' id='line_1_35' title="bbox 1 2965 1255 3032; baseline 0.001 -19"><span class='ocrx_word' id='word_1_157' title='bbox 1 2965 174 3016; x_wconf 67' lang='lat' dir='ltr'>’esinit</span> <span class='ocrx_word' id='word_1_158' title='bbox 213 2967 265 3015; x_wconf 92' lang='lat' dir='ltr'>in</span> <span class='ocrx_word' id='word_1_159' title='bbox 307 2967 534 3032; x_wconf 87' lang='lat' dir='ltr'>piscem,</span> <span class='ocrx_word' id='word_1_160' title='bbox 577 2965 775 3015; x_wconf 89' lang='lat' dir='ltr'>falcato</span> <span class='ocrx_word' id='word_1_161' title='bbox 816 2966 1070 3015; x_wconf 82' lang='lat' dir='ltr'>verberat</span> <span class='ocrx_word' id='word_1_162' title='bbox 1110 2982 1255 3015; x_wconf 90' lang='lat' dir='ltr'>ense.</span> 
     </span>
    </p>

    <p class='ocr_par' dir='ltr' id='par_1_18' title="bbox 0 3057 1367 3126">
     <span class='ocr_line' id='line_1_36' title="bbox 0 3057 1367 3126; baseline -0.001 -19"><span class='ocrx_word' id='word_1_163' title='bbox 0 3057 128 3108; x_wconf 72' lang='lat' dir='ltr'>elna</span> <span class='ocrx_word' id='word_1_164' title='bbox 166 3060 403 3126; x_wconf 88' lang='lat' dir='ltr'>puniceo</span> <span class='ocrx_word' id='word_1_165' title='bbox 446 3060 650 3109; x_wconf 79' lang='lat' dir='ltr'>mixtos</span> <span class='ocrx_word' id='word_1_166' title='bbox 692 3076 818 3108; x_wconf 89' lang='lat' dir='ltr'>cum</span> <span class='ocrx_word' id='word_1_167' title='bbox 859 3059 1126 3124; x_wconf 78' lang='lat' dir='ltr'>sanguine</span> <span class='ocrx_word' id='word_1_168' title='bbox 1169 3057 1367 3108; x_wconf 85' lang='lat' dir='ltr'>fluctus</span> 
     </span>
    </p>

    <p class='ocr_par' dir='ltr' id='par_1_19' title="bbox 0 3151 1477 3217">
     <span class='ocr_line' id='line_1_37' title="bbox 0 3151 1477 3217; baseline -0.001 -18"><span class='ocrx_word' id='word_1_169' title='bbox 0 3155 71 3200; x_wconf 74' lang='lat' dir='ltr'>&gt;re</span> <span class='ocrx_word' id='word_1_170' title='bbox 108 3153 294 3203; x_wconf 88' lang='lat' dir='ltr'>vomit.</span> <span class='ocrx_word' id='word_1_171' title='bbox 375 3153 642 3202; x_wconf 86' lang='lat' dir='ltr'>Maduere</span> <span class='ocrx_word' id='word_1_172' title='bbox 684 3169 877 3217; x_wconf 80' lang='lat' dir='ltr'>graves</span> <span class='ocrx_word' id='word_1_173' title='bbox 919 3151 1206 3217; x_wconf 78' lang='lat' dir='ltr'>aspergine</span> <span class='ocrx_word' id='word_1_174' title='bbox 1248 3166 1477 3216; x_wconf 88' lang='lat' dir='ltr'>pennae.</span> 
     </span>
    </p>
   </div>
   <div class='ocr_carea' id='block_1_13' title="bbox 71 1525 1586 1587">
    <p class='ocr_par' dir='ltr' id='par_1_20' title="bbox 71 1525 1586 1587">
     <span class='ocr_line' id='line_1_38' title="bbox 71 1525 1586 1587; baseline 0.002 -13"><span class='ocrx_word' id='word_1_175' title='bbox 71 1525 167 1575; x_wconf 84' lang='lat' dir='ltr'>bra</span> <span class='ocrx_word' id='word_1_176' title='bbox 205 1525 303 1575; x_wconf 87' lang='lat' dir='ltr'>viri</span> <span class='ocrx_word' id='word_1_177' title='bbox 343 1526 462 1576; x_wconf 84' lang='lat' dir='ltr'>visa</span> <span class='ocrx_word' id='word_1_178' title='bbox 502 1534 599 1587; x_wconf 90' lang='lat' dir='ltr'>est,</span> <span class='ocrx_word' id='word_1_179' title='bbox 640 1526 814 1576; x_wconf 85' lang='lat' dir='ltr'>visam</span> <span class='ocrx_word' id='word_1_180' title='bbox 857 1526 969 1576; x_wconf 88' lang='lat' dir='ltr'>fera</span> <span class='ocrx_word' id='word_1_181' title='bbox 1010 1527 1182 1577; x_wconf 85' lang='lat' dir='ltr'>saevit</span> <span class='ocrx_word' id='word_1_182' title='bbox 1222 1528 1275 1576; x_wconf 91' lang='lat' dir='ltr'>in</span> <span class='ocrx_word' id='word_1_183' title='bbox 1318 1527 1586 1578; x_wconf 81' lang='lat' dir='ltr'>umbram.</span> 
     </span>
    </p>
   </div>
   <div class='ocr_carea' id='block_1_14' title="bbox 10 2525 1584 2592">
    <p class='ocr_par' dir='ltr' id='par_1_21' title="bbox 10 2525 1584 2592">
     <span class='ocr_line' id='line_1_39' title="bbox 10 2525 1584 2592; baseline -0.001 -17"><span class='ocrx_word' id='word_1_184' title='bbox 10 2534 151 2576; x_wconf 82' lang='lat' dir='ltr'>ersat</span> <span class='ocrx_word' id='word_1_185' title='bbox 190 2526 332 2592; x_wconf 88' lang='lat' dir='ltr'>apri,·</span> <span class='ocrx_word' id='word_1_186' title='bbox 367 2543 533 2592; x_wconf 89' lang='lat' dir='ltr'>quem</span> <span class='ocrx_word' id='word_1_187' title='bbox 573 2526 735 2576; x_wconf 86' lang='lat' dir='ltr'>turba</span> <span class='ocrx_word' id='word_1_188' title='bbox 775 2542 975 2575; x_wconf 88' lang='lat' dir='ltr'>canum</span> <span class='ocrx_word' id='word_1_189' title='bbox 1017 2525 1365 2574; x_wconf 82' lang='lat' dir='ltr'>circumsona</span> <span class='ocrx_word' id='word_1_190' title='bbox 1405 2532 1584 2574; x_wconf 88' lang='lat' dir='ltr'>terret.</span> 
     </span>
    </p>
   </div>
   <div class='ocr_carea' id='block_1_15' title="bbox 1749 1548 1802 1589">
    <p class='ocr_par' dir='ltr' id='par_1_22' title="bbox 1749 1548 1802 1589">
     <span class='ocr_line' id='line_1_40' title="bbox 1749 1548 1802 1589; baseline 0 -14"><span class='ocrx_word' id='word_1_191' title='bbox 1749 1548 1802 1589; x_wconf 84' lang='lat'>90</span> 
     </span>
    </p>
   </div>
   <div class='ocr_carea' id='block_1_16' title="bbox 1746 2081 1798 2122">
    <p class='ocr_par' dir='ltr' id='par_1_23' title="bbox 1746 2081 1798 2122">
     <span class='ocr_line' id='line_1_41' title="bbox 1746 2081 1798 2122; baseline 0.038 -2"><span class='ocrx_word' id='word_1_192' title='bbox 1746 2081 1798 2122; x_wconf 81' lang='lat'>95</span> 
     </span>
    </p>
   </div>
   <div class='ocr_carea' id='block_1_17' title="bbox 1745 2548 1818 2575">
    <p class='ocr_par' dir='ltr' id='par_1_24' title="bbox 1745 2548 1818 2575">
     <span class='ocr_line' id='line_1_42' title="bbox 1745 2548 1818 2575; baseline 0.014 -1"><span class='ocrx_word' id='word_1_193' title='bbox 1745 2548 1818 2575; x_wconf 91' lang='lat'>100</span> 
     </span>
    </p>
   </div>
   <div class='ocr_carea' id='block_1_18' title="bbox 3 2775 1697 2846">
    <p class='ocr_par' dir='ltr' id='par_1_25' title="bbox 3 2775 1697 2846">
     <span class='ocr_line' id='line_1_43' title="bbox 3 2775 1697 2846; baseline -0.002 -17"><span class='ocrx_word' id='word_1_194' title='bbox 3 2796 192 2845; x_wconf 65' lang='lat' dir='ltr'>,uaque</span> <span class='ocrx_word' id='word_1_195' title='bbox 231 2787 434 2846; x_wconf 88' lang='lat' dir='ltr'>patent,</span> <span class='ocrx_word' id='word_1_196' title='bbox 475 2796 618 2828; x_wconf 91' lang='lat' dir='ltr'>nunc</span> <span class='ocrx_word' id='word_1_197' title='bbox 656 2787 812 2844; x_wconf 80' lang='lat' dir='ltr'>terga</span> <span class='ocrx_word' id='word_1_198' title='bbox 849 2779 995 2828; x_wconf 76' lang='lat' dir='ltr'>cavis</span> <span class='ocrx_word' id='word_1_199' title='bbox 1038 2795 1204 2844; x_wconf 88' lang='lat' dir='ltr'>super</span> <span class='ocrx_word' id='word_1_200' title='bbox 1243 2777 1421 2827; x_wconf 87' lang='lat' dir='ltr'>obsita</span> <span class='ocrx_word' id='word_1_201' title='bbox 1458 2775 1697 2835; x_wconf 88' lang='lat' dir='ltr'>conchis,</span> 
     </span>
    </p>
   </div>
   <div class='ocr_carea' id='block_1_19' title="bbox 1746 3072 1819 3113">
    <p class='ocr_par' dir='ltr' id='par_1_26' title="bbox 1746 3072 1819 3113">
     <span class='ocr_line' id='line_1_44' title="bbox 1746 3072 1819 3113; baseline 0 -12"><span class='ocrx_word' id='word_1_202' title='bbox 1746 3072 1819 3113; x_wconf 88' lang='lat'>105</span> 
     </span>
    </p>
   </div>
  </div>
 </body>
</html>
