1950 3340
213 1248 262 1287 35

210 1728 258 1762 40

317 181 415 232 150
883 191 932 231 P.
981 187 1262 231 OVIDIUS
1306 186 1482 228 NASO

383 337 493 387 Vix
534 354 658 403 spes
701 337 815 401 ipse
856 350 982 383 suas
1022 331 1205 380 animo
1247 329 1410 395 capit,
1453 346 1618 379 aurea
1657 329 1868 397 fingens

314 432 527 484 Omnia.
609 427 882 478 Gaudenti
926 441 1140 474 mensas
1181 439 1417 489 posuere
1459 422 1687 473 ministri

316 527 635 575 Exstructas
677 521 910 586 dapibus
953 536 1051 568 nec
1093 524 1269 567 tostae
1311 515 1480 582 frugis
1521 524 1762 582 egentes,

313 620 450 668 Tum
492 635 637 675 vero,
679 616 790 664 sive
833 614 919 662 ille
961 629 1059 661 sua
1100 609 1348 660 Cerealia
1388 612 1584 660 dextra

317 712 542 760 Munera
583 709 901 773 contigerat,
942 704 1189 756 Cerealia
1229 703 1377 754 dona
1418 703 1697 769 rigebant;

313 805 435 853 Sive
476 805 646 869 dapes
688 802 848 851 avido
887 798 1194 848 convellere
1235 797 1398 847 dente
1440 797 1685 863 parabat,

312 897 598 946 Lammina
639 895 782 945 fulva
823 895 1010 960 dapes,
1053 893 1279 942 admoto
1322 891 1502 950 dente,
1545 892 1849 957 premebat.

312 991 608 1040 Miscuerat
648 989 797 1056 puris
839 996 1120 1038 auctorem
1164 985 1404 1035 muneris
1446 985 1635 1043 undis;

312 1083 491 1133 Fusile
533 1100 630 1149 per
671 1083 835 1133 rictus
878 1099 1069 1132 aurum
1111 1080 1323 1130 fluitare
1363 1080 1594 1130 videres.

380 1237 663 1288 Attonitus
706 1237 946 1287 novitate
988 1236 1131 1295 mali,
1175 1236 1440 1301 divesque
1484 1234 1776 1301 miserque,

310 1331 564 1396 Effugere
606 1340 760 1396 optat
801 1348 935 1397 opes
977 1339 1030 1381 et
1071 1347 1211 1396 quae
1257 1330 1424 1378 modo
1465 1336 1705 1388 voverat,
1748 1329 1881 1380 odit.
1947 1330 1950 1360 ³

309 1423 483 1489 Copia
526 1425 669 1473 nulla
712 1424 909 1473 famem
953 1424 1188 1484 relevat;
1231 1424 1343 1474 sitis
1387 1423 1538 1472 arida
1579 1430 1767 1488 guttur

308 1518 443 1572 Urit.
487 1527 538 1567 et
580 1519 752 1567 inviso
795 1519 1017 1568 meritus
1060 1526 1347 1584 torquetur
1388 1517 1455 1566 ab
1499 1534 1647 1567 auro.

306 1609 397 1659 Ad
437 1611 759 1677 caelumque
801 1629 992 1661 manus
1036 1621 1088 1662 et
1128 1612 1418 1678 splendida
1460 1610 1718 1660 bracchia
1758 1610 1900 1661 tolle}
1944 1609 1950 1642 ²

306 1704 442 1752 “Da
482 1705 711 1763 veniam,
757 1705 970 1754 Lenaee
1013 1705 1195 1771 pater!
1244 1704 1647 1771 peccavimus,'’
1692 1704 1882 1771 inquit,

305 1797 462 1846 “Sed
507 1798 775 1857 miserere,
820 1816 1030 1864 precor,
1074 1800 1442 1866 speciosoque
1484 1800 1635 1866 eripe
1677 1800 1897 1850 damno,
1937 1797 1948 1830 5

306 1955 436 2005 Mite
479 1958 643 2006 deum
687 1975 904 2018 numen,
929 1959 1194 2020 Bacchus,
1222 1978 1482 2026 peccasse
1526 1962 1787 2014 fatentem

305 2049 570 2109 Restituit,
596 2052 850 2118 pactique
894 2051 999 2102 fide
1042 2054 1168 2103 data
1210 2072 1437 2105 munera
1478 2056 1652 2108 solvit.

300 2207 499 2256 “Neve
542 2208 681 2258 male
723 2218 914 2275 optato
958 2228 1179 2262 maneas
1223 2213 1560 2266 circumlitus
1603 2234 1753 2277 aur0,

302 2393 506 2458 Perque
550 2395 736 2459 iugum
780 2397 1048 2463 Phrygiae
1091 2400 1401 2452 labentibus
1443 2403 1638 2453 obvius
1681 2404 1839 2454 undis

300 2484 475 2551 Carpe
516 2487 675 2547 viam,
718 2490 895 2539 donec
937 2493 1122 2542 venias
1164 2495 1231 2544 ad
1275 2494 1512 2545 fluminis
1553 2505 1730 2555 ortus;

299 2578 740 2647 =Spumigeroque
782 2592 936 2633 tuum
979 2585 1129 2646 fonti,
1169 2605 1277 2654 qua
1318 2589 1584 2655 plurimus
1625 2591 1754 2649 exit,

300 2822 423 2873 Rex
465 2824 640 2877 iussae
682 2831 926 2880 succedit
968 2849 1158 2899 aquae.
1237 2833 1336 2884 Vis
1377 2852 1542 2886 aurea
1580 2836 1745 2887 tinxit

299 2914 548 2977 Flumen,
590 2928 643 2970 et
684 2920 924 2972 humano
966 2926 1033 2974 de
1075 2943 1310 2993 corpore
1351 2929 1516 2979 cessit
1555 2929 1607 2978 in
1649 2945 1898 2979 amnem„
