1966 3421
250 206 350 257 114
822 220 869 263 P.
918 219 1199 262 Ovmius
1248 218 1426 260 NASO

246 369 272 387 ‘⁸'
297 362 680 428 Persequitur?
724 360 949 410 Retine!
976 358 1000 379 '’
1047 365 1075 384 “
1098 360 1336 410 Laevam
1367 357 1542 426 pete,''
1575 360 1818 410 maxima
1847 379 1916 411 nu

245 457 369 506 Pars
426 455 558 504 mihi
612 454 899 520 significat,
956 472 1097 521 pars,
1153 454 1284 520 quid
1338 454 1484 513 velit,
1539 471 1667 503 aure
1720 471 1923 506 susurrz

244 550 529 616 Obstipui;
592 553 618 573 “
646 548 843 616 Capiat
868 549 891 565 ’¹
935 566 1042 614 que
1092 548 1281 597 “alius
1336 547 1760 608 moderamina,”
1803 549 1917 599 dixi

243 645 445 710 Meque
500 642 800 692 ministerio
854 642 1185 708 scelerisque
1240 642 1481 708 artisque
1535 642 1758 694 removi.

144 801 192 840 30
242 784 505 850 Increpor
557 801 588 833 a
641 782 865 841 cunctis,
920 790 1212 848 totumque
1267 782 1651 832 immurmurat
1703 798 1918 848 agmen.

239 878 284 928 E
337 878 537 943 quibus
590 876 906 933 Aethalion,
962 876 1094 925 “Te
1141 875 1349 925 scilicet
1403 875 1582 925 omnis
1637 876 1689 925 in
1745 894 1855 926 uno

236 971 435 1021 Nostra
487 971 630 1022 salus
684 971 864 1038 posita
917 970 1027 1021 est!
1064 970 1090 987 ''
1146 969 1233 1028 ait,
1289 977 1342 1020 et
1394 969 1541 1019 subit
1593 969 1711 1037 ipse
1765 971 1944 1037 meur}

379 1083 485 1131 que

236 1159 439 1225 Explet
492 1176 650 1226 opus,
704 1159 982 1225 Naxoque
1036 1158 1172 1224 petit
1225 1157 1441 1207 diversa
1494 1157 1692 1208 relicta.

232 1298 373 1348 Tum
427 1300 562 1348 deus
605 1299 852 1358 illudens,
895 1307 1178 1366 tamquam
1226 1298 1395 1348 modo
1439 1297 1679 1365 denique
1723 1297 1937 1363 fraudei

138 1398 182 1437 55
232 1390 571 1450 Se1ise1it‚e
626 1393 799 1459 puppi
855 1400 1086 1459 pontum
1141 1400 1462 1459 prospectat
1514 1392 1730 1442 adunca

233 1485 300 1535 lit
347 1485 493 1536 flenti
548 1487 752 1544 similis,
797 1487 974 1536 “Non
1029 1486 1164 1537 haec
1219 1485 1351 1536 mihi
1405 1486 1580 1546 litora,
1635 1495 1850 1548 nautae,

231 1579 602 1638 PromisistiS,”
658 1581 744 1638 ait,
802 1585 959 1629 “non
1014 1580 1149 1630 haec
1199 1579 1330 1630 mihi
1384 1588 1529 1630 terra
1583 1588 1775 1646 rogata
1828 1588 1902 1631 est

231 1672 357 1737 Quo
400 1674 569 1722 merui
613 1691 850 1740 poenam
893 1673 1073 1725 facto?
1153 1673 1312 1740 Quae
1355 1674 1529 1741 gloria
1568 1682 1748 1725 vestra
1788 1682 1884 1737 est,

230 1765 283 1815 Si
327 1784 557 1832 puerum
601 1768 839 1827 iuvenes,
882 1768 924 1817 si
968 1768 1123 1817 multi
1165 1767 1345 1818 fallitis
1388 1767 1642 1818 unum?''
1922 1759 1923 1763 ¹

131 1913 180 1951 60
230 1905 556 1956 Iamdudum
601 1907 815 1956 flebam.
897 1907 1176 1958 Lacrimas
1219 1925 1413 1958 manus
1455 1909 1624 1975 impia
1665 1916 1876 1960 nostras

228 1999 389 2050 Ridet
430 2009 481 2050 et
524 2001 754 2067 impellit
795 2002 1219 2068 properantibus
1261 2019 1504 2069 aequora
1544 2003 1722 2054 remis.

227 2093 324 2142 I’er
364 2094 459 2143 tibi
504 2111 646 2144 nunc
689 2095 885 2160 ipsum,
929 2113 1027 2145 nec
1070 2096 1215 2145 enim
1259 2097 1600 2163 praesentior
1641 2096 1734 2146 illo

227 2186 322 2235 list
363 2188 513 2245 deus,
557 2189 764 2246 adiuro,
807 2197 916 2239 tam
961 2206 1047 2239 me
1089 2189 1187 2240 tibi
1227 2208 1355 2240 vera
1397 2191 1612 2251 referre,

225 2284 403 2344 Quam
446 2282 555 2330 veri
598 2283 803 2332 maiora
846 2283 969 2332 fide.
1050 2283 1213 2335 Stetit
1253 2302 1494 2352 aequore
1537 2286 1742 2354 puppis

126 2377 174 2429 65
227 2372 390 2423 Haud
434 2375 602 2434 aliter,
646 2393 811 2441 quam
853 2377 894 2426 si
936 2378 1144 2428 siccum
1187 2379 1379 2430 navale
1420 2388 1645 2430 teneret.

224 2515 304 2565 Illi
348 2518 676 2567 admirantes
720 2536 994 2571 remorum
1038 2523 1088 2572 in
1130 2524 1357 2575 verbere
1398 2533 1657 2592 perstant,

223 2610 465 2675 Velaque
507 2612 803 2672 deducunt,
848 2616 1180 2683 geminaque
1222 2635 1330 2685 ope
1372 2636 1587 2669 currere
1627 2626 1892 2686 temptant

223 2703 538 2768 Impediunt
579 2705 813 2757 hederae
858 2726 1054 2770 remos,
1099 2728 1358 2778 nexuque
1402 2730 1629 2763 recurvo

219 2796 457 2862 Serpimt
498 2807 549 2848 et
592 2801 827 2863 gravidis
872 2803 1218 2869 distinguunt
1257 2807 1379 2856 vela
1419 2807 1714 2872 corymbis

121 2905 170 2941 70
219 2888 344 2955 Ipse
388 2893 718 2942 racemiferis
763 2893 994 2945 frontem
1039 2898 1410 2949 circumdatus
1453 2900 1571 2951 uvis

217 2984 524 3051 I‘ampineis
569 2987 737 3051 agitat
775 2988 1010 3038 velatam
1055 2990 1338 3043 frondibus
1380 2993 1610 3045 hastam.

215 3077 396 3142 Quem
441 3079 584 3128 circa
625 3080 791 3145 tigres
833 3082 1234 3151 simulacraque
1278 3086 1458 3137 inania
1499 3088 1722 3154 lyncum

216 3171 598 3237 Pictarumque
642 3172 819 3222 iacent
860 3173 971 3223 fera
1012 3193 1245 3242 corpora
1286 3180 1691 3245 pantherarum.
