1992 3442
363 210 464 259 102
937 224 985 265 P.
1033 222 1316 264 OVIDIUS
1363 222 1539 265 NASO

804 427 962 471 Il’llus
987 426 1198 482 ardescit,
1225 431 1269 471 et
1291 426 1403 471 Iovi
1417 427 1651 486 queritur.

428 540 734 606 Corripitur
776 539 1026 598 flammis,
1071 547 1129 588 ut
1169 556 1423 604 quaeque
1465 539 1742 598 altissima,
1784 539 1955 600 tellus,

355 636 617 700 Fissaque
661 634 773 697 agit
815 634 977 681 rimas
1020 641 1073 682 et
1113 633 1256 681 sucis
1298 640 1413 682 aret
1454 633 1740 698 ademptis.

354 728 557 778 Pabula
599 735 913 784 canescunt,
958 743 1082 774 cum
1126 725 1411 775 frondibus
1454 725 1624 775 uritur
1664 725 1841 785 arbor,

353 823 753 886 Materiamque
796 837 895 869 suo
939 819 1168 884 praebet
1208 836 1365 884 seges
1407 819 1558 868 arida
1599 819 1818 869 damno.

229 939 299 979 ¹95
353 916 518 964 Parva
561 931 774 981 queror.
858 913 1096 977 Magnae
1141 920 1372 978 pereunt
1409 929 1534 961 cum
1578 912 1868 962 moenibus
1910 930 1942 963 u
1977 918 1992 988 f!

351 1009 602 1074 Cumque
644 1009 753 1057 suis
795 1015 936 1057 totas
980 1006 1200 1072 populis
1245 1006 1497 1055 incendia
1538 1014 1706 1056 terras
1980 995 1982 998 ’

351 1102 409 1151 In
455 1103 692 1152 cinerem
734 1108 965 1151 vertunt.
1048 1099 1227 1149 Silvae
1269 1117 1395 1148 cum
1439 1099 1718 1149 montibus
1760 1100 1949 1151 ardent

345 1236 488 1285 Tum
531 1253 659 1285 vero
705 1234 985 1284 Phaethon
1031 1233 1241 1282 cunctis
1283 1250 1311 1282 e
1354 1233 1600 1299 partibus
1642 1232 1835 1283 orbem

346 1329 562 1395 Aspicit
604 1346 894 1378 accensum
942 1345 1039 1377 nec
1082 1335 1263 1376 tantos
1306 1327 1537 1377 sustinet
1574 1335 1773 1387 aestus,

219 1449 296 1478 200
344 1423 748 1488 Ferventesque
792 1439 948 1470 auras
991 1420 1139 1470 velut
1180 1437 1208 1469 e
1251 1419 1472 1469 fornace
1516 1420 1791 1486 profunda

341 1516 449 1566 Ore
491 1516 670 1573 trahit,
716 1532 1014 1580 currusque
1057 1532 1185 1564 suos
1227 1513 1556 1563 candescere
1598 1514 1791 1575 sentit;

340 1610 408 1659 Et
450 1626 627 1675 neque
670 1609 774 1658 iam
818 1610 1025 1658 cineres
1067 1609 1467 1674 eiectatamque
1511 1607 1748 1657 favillam

341 1703 501 1751 Ferre
545 1711 741 1768 potest,
785 1703 1075 1768 calidoque
1120 1701 1411 1750 involvitur
1453 1702 1695 1767 undique
1738 1701 1906 1762 fumo,
1972 1714 1975 1771 j

341 1795 579 1862 Quoque
622 1804 722 1854 eat,
768 1804 860 1845 aut
902 1796 991 1845 ubi
1034 1796 1116 1853 sit,
1163 1796 1318 1861 picea
1360 1795 1593 1860 caligine
1635 1803 1812 1845 tectus

216 1911 288 1952 205
338 1889 541 1948 Nescit,
585 1898 638 1940 et
679 1889 902 1939 arbitrio
945 1888 1231 1938 volucrum
1277 1896 1522 1955 raptatur
1559 1906 1846 1954 equorum.

335 2021 612 2087 Sanguine
655 2031 783 2072 tunc
826 2023 1057 2072 credunt
1100 2023 1149 2072 in
1193 2040 1430 2089 corpora
1470 2041 1687 2073 summa
1725 2033 1923 2076 vocato

332 2114 680 2182 Aethiopum
724 2115 961 2182 populos
1006 2117 1222 2182 nigrum
1266 2117 1498 2168 traxisse
1541 2118 1799 2171 colorem.

331 2249 474 2300 Tum
516 2249 657 2300 facta
698 2258 779 2300 est
822 2250 994 2315 Libye
1039 2251 1205 2317 raptis
1250 2253 1535 2302 umoribus
1579 2262 1728 2304 aestu

333 2342 519 2393 Arida.
598 2344 740 2392 Tum
786 2343 1064 2410 nymphae
1108 2345 1285 2411 passis
1328 2346 1618 2413 fontesque
1661 2347 1923 2414 lacusque

212 2463 287 2491 210
333 2436 621 2486 Dessevere
663 2437 852 2488 comis,
933 2437 1163 2503 Quaerit
1205 2439 1436 2489 Boeotia
1477 2441 1697 2499 Dircen,

332 2529 516 2596 Argos
559 2530 934 2596 Amymonen,
980 2532 1205 2598 Ephyre
1249 2534 1526 2583 Pirenidas
1569 2535 1757 2584 undas.

329 2624 445 2673 Nec
487 2624 678 2674 sortita
719 2623 842 2674 loco
885 2626 1148 2676 distantes
1192 2626 1417 2676 flumina
1458 2628 1602 2694 ripas

327 2718 470 2768 Tuta
513 2726 751 2768 manent.
837 2719 1038 2769 Mediis
1078 2721 1278 2770 Tanais
1322 2719 1550 2771 fumavit
1592 2722 1643 2771 in
1686 2722 1862 2783 undis,

330 2810 399 2861 Et
439 2828 579 2877 quae
623 2811 910 2862 Maeonias
953 2813 1293 2863 celebrarant
1333 2814 1573 2863 carmine
1617 2815 1761 2881 ripas

207 2925 279 2967 215
329 2905 646 2955 Flumineae
688 2905 953 2966 volucres,
998 2907 1180 2956 medio
1223 2907 1438 2958 caluere
1481 2907 1731 2974 Caystro.

326 2999 482 3050 Nilus
525 3000 577 3049 in
620 3007 932 3050 extremum
978 3000 1115 3065 fugit
1156 3002 1475 3067 perterritus
1517 3003 1708 3052 orbem

326 3093 698 3160 Occuluitque
741 3101 924 3159 caput,
969 3095 1118 3159 quod
1163 3094 1342 3143 adhuc
1386 3094 1529 3146 latet.
1610 3095 1765 3146 Ostia
1806 3090 1972 3162 sept?

327 3188 710 3238 pulverulenta
751 3196 965 3246 vacant,
1008 3196 1221 3253 septem
1264 3188 1379 3237 sine
1421 3187 1645 3238 flumine
1686 3189 1870 3239 valles.
