1977 3447
285 209 351 259 82
860 224 911 265 P.
955 224 1239 265 ov1D1Us
1287 224 1464 264 NAso

185 380 236 418 So
283 369 408 420 Sive
451 389 640 420 recens
680 371 839 420 tellus
881 370 1218 436 seductaque
1260 387 1436 436 nuper
1476 369 1544 419 ab
1586 370 1697 420 alto

176 2588 223 2615 10

175 3098 221 3140 15

280 463 526 514 Aethere
569 464 788 529 cognati
831 464 1101 514 retinebat
1138 464 1348 512 semina
1389 463 1553 525 caeli;

282 557 466 622 Quam
507 566 656 608 satus
700 557 892 623 Iapeto
935 557 1166 606 mixtam
1208 555 1517 606 fluvialibus
1558 557 1718 607 undis

279 651 465 701 Finxit
506 652 558 700 in
600 651 838 716 effigiem
881 651 1264 700 moderantum
1306 658 1504 700 cuncta
1543 651 1792 702 deorum.

280 744 565 811 Pronaque
608 761 734 794 cum
775 751 1027 810 spectent
1067 743 1322 792 animalia
1361 752 1543 793 cetera
1582 751 1798 804 terram,

280 839 357 889 Os
399 838 609 888 homini
651 837 887 887 sublime
928 838 1095 895 dedit,
1140 837 1466 903 caelumque
1506 837 1645 886 tueri

279 932 444 982 Iussit
483 940 537 982 et
576 940 789 981 erectos
830 931 898 980 ad
940 931 1120 981 sidera
1156 925 1349 981 tollere
1389 930 1588 981 vultus.

279 1065 387 1127 Sic,
432 1068 600 1117 niodo
643 1084 785 1133 quae
829 1066 1004 1117 fuerat
1044 1066 1193 1115 rudis
1237 1073 1290 1115 et
1330 1065 1445 1114 sine
1488 1064 1747 1131 imagine,
1789 1064 1950 1117 ‘tellus

277 1160 463 1210 Induit
503 1160 719 1225 ignotas
761 1159 1050 1209 hominum
1092 1175 1357 1208 conversa
1398 1158 1619 1224 figuras.

580 1419 623 1458 2.
679 1415 1054 1471 QUATTUOR
1093 1415 1435 1457 AETATES
1472 1414 1728 1459 MUNDI.

854 1536 1032 1583 Prima
1056 1537 1223 1594 Aetas,
1249 1537 1435 1582 Aurea.

344 1664 536 1716 Aurea
576 1666 755 1733 prima
794 1673 911 1715 sata
951 1672 1033 1715 est
1072 1673 1236 1725 aetas,
1279 1682 1422 1731 quae
1461 1664 1679 1715 vindice
1720 1664 1871 1716 nullo

273 1759 484 1826 Sponte
525 1777 639 1819 sua,
682 1760 797 1809 sine
839 1760 959 1824 lege
1002 1759 1167 1809 fidem
1211 1767 1533 1826 rectumque
1575 1759 1810 1810 colebat.

272 1854 456 1903 Poena
496 1862 787 1919 metusque
828 1853 1071 1912 aberant,
1115 1870 1214 1902 nec
1254 1853 1422 1903 verba
1464 1853 1697 1903 minacia
1737 1853 1852 1903 fixo

269 1946 420 1997 Aere
462 1947 803 2012 legebantur,
847 1964 948 1997 nec
988 1946 1230 2014 supplex
1269 1947 1431 1997 turba
1470 1947 1702 1998 timebat

272 2041 475 2092 Iudicis
516 2059 613 2091 ora
651 2041 751 2102 sui,
792 2041 888 2091 sed
931 2048 1085 2091 erant
1124 2041 1240 2090 sine
1280 2041 1495 2091 vindice
1536 2042 1656 2093 tuti.

269 2186 535 2236 Nondum
577 2203 738 2236 caesa
778 2187 905 2246 suis,
949 2187 1299 2253 peregrinum
1344 2195 1403 2237 ut
1441 2187 1643 2238 viseret
1682 2188 1891 2248 orbem,

270 2280 558 2331 Montibus
600 2281 651 2330 in
693 2280 929 2347 liquidas
970 2281 1132 2347 pinus
1174 2282 1536 2332 descenderat
1577 2283 1766 2342 undas,

268 2374 546 2440 Nullaque
588 2374 845 2424 mortales
888 2383 1105 2441 praeter
1144 2393 1243 2424 sua
1284 2376 1442 2425 litora
1485 2384 1694 2426 norant.

268 2466 542 2518 Nondum'
577 2469 908 2535 praecipites
950 2469 1247 2535 cingebant
1286 2470 1496 2536 oppida
1536 2469 1743 2531 fossae;

268 2561 396 2611 Non
437 2562 571 2612 tuba
611 2563 819 2622 directi,
863 2580 972 2612 non
1015 2563 1152 2613 aeris
1194 2580 1402 2612 cornua
1442 2563 1590 2623 flexi,

267 2655 395 2705 Non
438 2657 644 2722 galeae,
688 2675 797 2707 non
840 2658 983 2707 ensis
1025 2665 1192 2707 erant.
1275 2657 1403 2707 Sine
1447 2657 1630 2707 militis
1671 2675 1771 2707 usu

270 2748 461 2800 Mollia
501 2768 727 2800 securae
769 2751 1111 2817 peragebant
1151 2751 1263 2800 otia
1304 2758 1511 2816 gentes.

268 2898 397 2965 Ipsa
437 2915 663 2964 quoque
705 2899 963 2948 immunis
1007 2907 1295 2964 rastroque
1335 2898 1539 2948 intacta
1581 2915 1679 2947 nee
1722 2897 1843 2947 ullis

269 2992 468 3043 Saucia
506 2992 824 3042 vomeribus
865 3010 963 3058 per
1003 3010 1059 3041 se
1101 2992 1267 3042 dabat
1307 2992 1491 3041 omnia
1530 2991 1717 3052 tellus;

269 3084 642 3152 Contentique
684 3086 820 3135 cibis
862 3085 1011 3135 nullo
1055 3094 1288 3151 cogente
1329 3085 1521 3135 creatis

268 3179 553 3229 Arbuteos
595 3178 735 3229 fetus
778 3187 1153 3245 montanaque
1195 3178 1348 3243 fraga
1387 3178 1646 3244 legebant
