2018 3400
84 475 203 526 Nec
243 469 428 540 potui;
490 479 719 515 numero
760 458 924 524 copia
965 455 1137 505 maior
1182 459 1311 501 crat.
1804 465 1847 489 ιο

28 567 254 620 Roscida
294 579 419 613 cum
461 559 699 627 primum
741 552 882 602 foliis
923 565 1158 599 excussa
1198 545 1393 612 pruina
1431 549 1514 592 est

87 661 159 712 Et
195 658 377 709 variae
418 652 581 703 radiis
623 650 909 714 intepuere
951 658 1159 700 comae,

28 799 364 855 Conveniunt
402 793 563 862 pictis
609 789 877 840 incinctae
917 782 1161 834 vestibus
1203 779 1408 838 Horae,

88 896 261 961 Inque
302 891 446 940 leves
488 884 735 935 calathos
777 896 1006 931 munera
1046 883 1231 925 nostra
1272 873 1475 937 legunt.

28 989 268 1041 Protinus
310 982 580 1034 accedunt
621 975 889 1032 Charites,
934 978 1271 1034 nectuntque
1314 980 1545 1015 coronas
1809 981 1854 1022 15

94 1082 361 1146 Sertaque
401 1074 665 1126 caelestes
708 1068 1041 1136 implicitura
1082 1078 1287 1112 comas.

29 1224 199 1275 Prima
237 1236 334 1288 per
373 1218 670 1267 immensas
711 1208 885 1277 sparsi
930 1222 1073 1257 nova
1112 1200 1323 1253 semina
1362 1205 1582 1266 gentes;

93 1316 269 1368 Unius
308 1310 469 1364 tellus
510 1315 635 1359 ante
677 1303 877 1354 coloris
923 1307 1052 1350 erat.

29 1411 200 1461 Prima
237 1407 602 1471 Therapnaeo
645 1399 747 1450 feci
790 1398 857 1447 de
900 1392 1168 1458 sanguine
1210 1387 1419 1446 florem,

97 1503 168 1555 Et
207 1506 391 1552 manet
430 1498 482 1547 in
522 1496 653 1545 folio
696 1492 900 1557 scripta
942 1485 1185 1554 querella
1225 1499 1341 1532 suo.
1817 1491 1866 1519 20

79 1662 112 1695 u
153 1657 376 1710 quoque
418 1653 619 1689 nomen
661 1633 832 1684 'nabes
876 1628 1070 1686 cultos,
1109 1624 1382 1682 Narcisse,
1426 1637 1524 1688 per
1564 1617 1769 1675 hortOS,

101 1735 314 1794 Infelix,
356 1732 506 1800 quod
549 1746 659 1780 non
701 1727 836 1777 alter
878 1732 931 1773 ct
972 1722 1106 1772 alter
1149 1717 1297 1768 eras!

34 1830 179 1897 Quid
221 1828 437 1879 Crocon
480 1832 572 1875 aut
617 1821 775 1872 Attin
818 1817 1049 1868 referam
1094 1812 1409 1877 Cinyraque
1452 1813 1711 1864 creatum,

105 1924 189 1974 De
229 1936 466 1989 quorum
507 1934 605 1985 per
646 1932 732 1965 me
773 1912 1000 1963 vulnere
1041 1906 1214 1972 surgit
1255 1904 1468 1954 honor?

36 2062 281 2113 Forsitan
322 2060 375 2110 in
413 2057 613 2110 teneris
653 2063 867 2106 tantum
910 2067 1033 2101 mea
1073 2064 1243 2113 regna
1283 2043 1503 2094 coronis
1823 2065 1870 2109 25

107 2155 242 2207 Esse
283 2161 457 2220 putes.
532 2150 734 2215 Tangit
775 2162 978 2197 numen
1021 2152 1074 2194 et
1114 2159 1240 2191 arva
1282 2154 1483 2189 meum.

40 2249 95 2301 Si
133 2248 273 2299 bene
314 2228 597 2296 floruerint
636 2251 867 2308 segetes,
911 2239 1011 2289 erit
1051 2254 1176 2287 area
1215 2235 1395 2294 dives;

111 2342 167 2394 Si
206 2342 345 2392 bene
386 2339 631 2390 floruerit
669 2337 842 2395 vinea,
886 2332 1139 2383 Bacchus
1181 2330 1309 2389 erit;

44 2481 98 2533 Si
135 2481 275 2532 bene
316 2479 599 2530 floruerint
639 2477 806 2536 oleae,
853 2475 1208 2527 nitidissimus
1250 2487 1452 2530 annus;

115 2576 392 2640 Pomaque
432 2580 763 2640 proventum
805 2570 1070 2636 temporis
1113 2557 1274 2617 huius
1315 2563 1536 2614 habent.
1826 2583 1876 2622 30

47 2668 202 2718 Flore
243 2667 410 2717 semel
450 2667 598 2716 laeso
640 2672 870 2730 pereunt
907 2663 1192 2727 viciaeque
1233 2658 1521 2724 fabaeque,

117 2761 189 2812 Et
226 2769 456 2828 pereunt
495 2760 688 2821 lentes,
730 2760 942 2809 advena
980 2757 1122 2816 Nile,
1164 2762 1304 2805 tuae.

47 2892 187 2944 Vina
224 2911 446 2961 quoque
487 2893 540 2943 in
580 2892 795 2958 magnis
836 2907 1070 2958 operose
1111 2887 1334 2938 condita
1374 2883 1525 2935 cellis

119 2987 355 3048 Florent,
397 2996 451 3038 et
495 2986 726 3037 nebulae
768 2984 915 3035 dolia
955 3000 1170 3034 summa
1208 2987 1416 3047 tegunt.

53 3079 217 3131 Mella
255 3097 439 3131 meum
480 3098 695 3130 munus.
771 3079 1042 3129 Volucres
1083 3094 1187 3142 ego
1231 3073 1393 3124 mella
1433 3072 1652 3121 daturas
1831 3088 1879 3129 35

123 3171 216 3224 Ad
258 3173 459 3224 violam
499 3181 553 3224 et
593 3173 799 3238 cytisos
840 3179 895 3221 et
933 3171 1126 3235 thyma
1166 3184 1302 3217 cana
1340 3181 1499 3215 voc0.
