2018 3400
518 198 607 239 DU
620 198 667 238 M
719 196 773 236 LI
786 195 927 244 CET,
975 194 1230 235 LUDITE

53 345 167 396 Vos
207 344 332 393 date
374 347 671 407 perpetuos
713 337 912 387 teneris
954 335 1293 386 sementibus
1336 344 1544 394 auctus,

76 438 191 488 Nec
233 452 373 484 nova
413 449 510 500 per
551 432 760 497 gelidas
802 429 972 479 herba
1011 430 1080 478 sit
1121 437 1242 478 usta
1283 429 1449 478 nives.

33 532 146 582 jum
188 529 435 587 serimus,
478 526 691 576 caelum
733 524 907 574 ventis
949 523 1158 590 aperite
1199 522 1434 583 serenis;

79 623 217 674 Cum
260 622 405 681 latet,
448 619 688 670 aetheria
730 617 972 684 spargite
1014 633 1202 666 semen
1245 633 1403 682 aqua,

32 799 207 848 ‘Neve
250 813 441 862 graves
482 794 641 844 cultis
676 791 924 843 Cerealia
957 793 1121 851 dona,
1165 800 1370 850 cavete,

78 890 320 957 Agmine
362 889 575 938 laesuro
619 885 1031 952 depopulentur
1075 903 1218 937 aves.

31 985 123 1036 sos
163 999 402 1050 quoque,
445 981 718 1039 formicae,
762 979 1023 1029 subiectis
1067 981 1272 1046 parcite
1315 981 1525 1046 granis;

83 1078 209 1128 Post
249 1092 482 1126 messem
524 1074 762 1142 praedae
805 1074 969 1140 copia
1012 1074 1185 1123 maior
1225 1075 1340 1125 erit.

31 1262 279 1312 ‘Interea
318 1268 529 1311 crescat
569 1261 796 1311 scabrae
842 1262 1107 1328 robiginis
1149 1280 1368 1330 expers,

85 1355 200 1405 Nec
239 1355 369 1405 vitio
411 1355 544 1404 caeli
587 1355 790 1422 palleat
831 1374 996 1422 aegra
1038 1374 1227 1423 seges;

30 1449 86 1500 Et
124 1466 300 1516 neque
343 1449 562 1500 deficiat
603 1450 795 1509 macie,
840 1444 1018 1518 neque
1061 1451 1321 1517 pinguior
1361 1468 1540 1518 aequo

87 1542 302 1593 Divitiis
343 1551 531 1610 pereat
570 1543 854 1594 luxuriosa
893 1545 1021 1597 suis.

37 1732 139 1783 ‘Et
177 1739 396 1782 careant
436 1730 577 1782 loliis
618 1730 810 1781 oculos
849 1729 1168 1781 vitiantibus
1210 1729 1342 1796 agri,

88 1826 203 1876 Nec
243 1825 438 1876 sterilis
481 1824 630 1875 culto
673 1832 863 1890 surgat
903 1841 1076 1874 avena
1115 1823 1250 1873 solo.

71 1921 284 1971 riticeos
325 1919 466 1970 fetus
509 1937 850 1987 passuraque
897 1919 1037 1967 farra
1076 1918 1159 1967 bis
1202 1918 1385 1983 ignem

95 2013 430 2082 Hordeaque
472 2015 678 2080 ingenti
724 2013 943 2063 faenore
986 2012 1181 2062 reddat
1221 2011 1379 2078 ager!
1405 2011 1429 2028 ”

453 2334 535 2374 10.
587 2332 752 2374 DUM
789 2331 1008 2383 LICET,
1050 2328 1331 2371 LUDJTE.

30 2473 174 2524 Dum
213 2473 354 2534 licet,
384 2481 438 2523 et
476 2489 673 2523 vernos
714 2472 878 2521 etiam
920 2487 1065 2520 nunc
1105 2469 1303 2534 degitis
1345 2484 1535 2526 annos,

98 2566 310 2618 Ludite.
389 2566 540 2616 Eunt
579 2565 705 2615 anni
746 2581 899 2614 more
941 2563 1160 2613 fluentis
1202 2578 1407 2628 aquae3

30 2656 148 2709 Nec
188 2676 327 2726 quae
369 2659 662 2726 praeteriit,
705 2658 903 2708 iterum
944 2656 1294 2706 revocabitur
1334 2654 1498 2714 unda,

99 2752 214 2802 Nec
255 2769 394 2820 quae
436 2751 732 2819 praeteriit,
773 2749 910 2800 hora
948 2749 1126 2799 redire
1166 2755 1364 2816 potest.

1810 1845 1859 1872 20
