1982 3442
1410 0 1580 89 s

255 220 321 271 98
827 234 876 276 Ρ,
923 231 1205 274 OVIDIUS
1254 231 1449 318 NASQx

1456 308 1480 327 u

156 376 208 415 So
255 378 563 444 “Denique
601 378 865 444 quicquid
903 377 1070 427 habet
1109 377 1275 435 dives,
1320 376 1699 442 circumspice,
1743 392 1894 424 mun(

257 472 414 537 Eque
456 480 537 522 tot
573 489 634 520 ac
676 472 837 521 tantis
872 471 1005 520 caeli
1046 479 1332 536 terraeque
1375 470 1650 536 marisque

259 566 426 615 Posce
461 565 619 614 bonis
657 565 878 630 aliquid.
959 564 1180 613 Nullam
1219 564 1427 630 patiere
1466 563 1757 629 repulsam.

259 661 545 725 Deprecor
577 659 683 708 hoc
722 676 906 718 unum,
950 659 1100 724 quod
1134 676 1265 708 vero
1304 658 1526 707 nomine
1569 675 1764 724 poena,

258 754 383 802 Non
414 753 590 802 honor
618 761 714 804 est.
796 752 1052 811 Poenam,
1086 752 1387 811 Phaethon,
1419 769 1520 818 pro
1551 768 1775 800 munere
1805 768 1896 816 pos

161 856 210 906 85
260 848 408 912 (guid
455 864 576 896 mea
613 846 755 896 colla
791 854 943 896 tenes
983 846 1215 905 blandis,
1253 846 1459 910 ignare,
1495 844 1746 894 lacertis?

261 941 345 990 Ne
388 941 593 998 dubita,
635 939 1183 1004 dabitur—Stygias
1225 939 1522 988 iuravimus
1563 939 1822 987 undas—

261 1034 671 1100 Quodcumque
713 1033 936 1100 optaris.
1018 1032 1127 1082 Sed
1166 1040 1221 1082 tu
1266 1032 1566 1098 sapientius
1605 1030 1788 1097 opta.’'

484 1288 751 1346 Phamean,
781 1294 924 1347 patre
958 1288 1120 1347 inviso,
1157 1302 1353 1333 currum
1385 1287 1554 1347 patris
1587 1290 1791 1347 occupat.

339 1430 580 1480 Finierat
622 1430 874 1480 monitus.
958 1430 1134 1479 Dictis
1176 1438 1361 1479 tamen
1404 1428 1491 1477 ille
1531 1435 1819 1494 repugnat,

271 1525 733 1590 Propositumque
776 1524 976 1589 premit
1011 1522 1610 1588 flagratque'cupidine
1645 1538 1849 1572 curruS.

177 1638 226 1674 90
276 1616 424 1682 Ergo
463 1635 571 1682 qua
610 1616 775 1673 licuit,
819 1617 1034 1681 genitor
1070 1624 1375 1675 cunctatus,
1415 1616 1482 1664 ad
1523 1615 1660 1665 altos

274 1711 515 1760 Deducit
557 1710 824 1767 iuvenem,
867 1709 1136 1759 Vulcania
1175 1726 1417 1767 munera,
1457 1726 1663 1758 currus.

267 1803 486 1853 Aureus
523 1804 639 1852 axis
674 1812 802 1862 erat,
846 1811 993 1852 temo
1036 1820 1249 1862 aureus,
1288 1820 1454 1852 aurea
1493 1819 1741 1852 summae

271 1898 576 1946 Curvatura
618 1906 784 1954 rotae,
829 1897 1104 1946 radiorum
1148 1905 1440 1961 argenteus
1488 1897 1642 1946 ordo.

275 1993 370 2040 Per
412 1992 539 2055 iuga
576 1990 900 2054 chrysolithi
944 1991 1270 2056 positaeque
1308 2008 1379 2040 ex
1421 1990 1612 2039 ordine
1652 2004 1904 2055 gemmae

176 2103 225 2142 95
274 2085 432 2135 Clara
475 2101 796 2150 repercusso
841 2084 1144 2134 reddebant
1188 2084 1394 2134 lumina
1435 2083 1676 2134 Phoebo.

275 2250 535 2314 Dumque
575 2266 638 2297 ea
681 2248 1066 2313 magnanimus
1110 2245 1393 2296 Phaethon
1433 2245 1658 2295 miratur
1695 2260 1940 2310 opusqu.1

274 2343 551 2408 Perspicit,
597 2360 725 2391 ecce
759 2341 887 2406 vigil
927 2341 1087 2390 rutilo
1123 2339 1382 2407 patefecit
1419 2339 1487 2389 ab
1522 2347 1642 2388 ortu

275 2437 579 2502 Purpureas
619 2436 838 2485 Aurora
876 2435 1019 2484 sores
1056 2443 1109 2484 et
1142 2434 1305 2500 plena
1341 2449 1585 2482 rosarum

276 2531 444 2580 Atria.
528 2531 839 2595 Diffugiunt
879 2530 1082 2587 stellae,
1125 2544 1357 2594 quarum
1400 2527 1621 2592 agmina
1661 2525 1813 2591 cogit

160 2640 231 2666 ¹00
279 2624 510 2681 Lucifer,
547 2633 599 2674 et
637 2625 770 2673 caeli
810 2624 1044 2673 statione
1080 2622 1409 2672 novissimus
1444 2620 1573 2670 exit.

279 2720 460 2782 Quem
498 2727 683 2784 petere
719 2727 776 2768 ut
812 2726 981 2767 terras
1018 2717 1400 2782 mundumque
1440 2713 1729 2764 rubescere
1765 2711 1943 2769 vidit,

278 2812 609 2878 Cornuaque
654 2820 934 2861 extremae
971 2811 1121 2860 velut
1162 2825 1489 2859 evanescere
1528 2807 1706 2866 lunae,

279 2905 512 2970 Iungere
555 2922 729 2971 equos
761 2887 922 2954 Titan
957 2903 1240 2953 velocibus
1285 2904 1518 2969 imperat
1559 2900 1744 2950 HoriS.

280 2999 433 3047 Iussa
474 3000 608 3048 deae
643 2998 846 3048 celeres
886 3005 1172 3064 peragunt,
1219 2997 1517 3062 ignemque
1555 3000 1857 3050 vomentes,

163 3105 231 3146 105
281 3091 612 3141 Ambrosiae
655 3109 787 3141 suco
830 3100 1057 3148 saturos,
1102 3090 1462 3156 praesepibus
1501 3088 1620 3138 altis

282 3184 687 3250 Quadrupedes
725 3185 949 3243 ducunt,
990 3184 1312 3249 adduntque
1348 3182 1599 3232 sonantia
1639 3180 1804 3230 frena.
