2018 3400
578 214 952 280 PHAETHON
1607 208 1672 260 97

54 411 141 444 ma
181 406 356 459 prona
395 386 481 436 via
522 391 602 432 est
643 389 696 430 et
735 385 861 443 eget
902 371 1279 425 moderamine
1320 376 1499 426 certo;

37 505 86 538 ic
129 487 291 535 etiam
334 497 474 547 quae
518 494 602 526 me
645 471 905 523 subiectis
947 467 1155 534 excipit
1196 464 1372 521 undis,

0 601 4 632 ;
59 581 198 632 ferar
240 578 292 627 in
333 587 617 642 praeceps,
658 565 868 630 Tethys
909 562 1050 613 solet
1091 561 1208 626 ipsa
1248 555 1434 607 vereri.

46 728 153 778 dde
196 723 345 790 quod
390 718 621 770 adsidua
662 713 870 780 rapitur
908 708 1175 773 vertigine
1218 704 1431 754 caelum
1734 722 1781 765 55

43 835 244 886 eraque
287 816 394 865 alta
434 811 599 863 trahit
639 807 914 872 celerique
955 800 1234 852 volumine
1276 803 1513 863 torquet.

42 932 102 964 or
143 914 195 962 in
238 911 546 965 adversum,
590 919 689 953 nec
733 917 837 959 me,
880 897 973 964 qui
1016 903 1212 952 cetera,
1253 891 1421 942 vincit

70 1016 204 1066 etus,
247 1013 301 1055 et
342 1002 533 1068 rapido
576 994 880 1048 contrarius
922 990 1127 1042 evehor
1167 986 1303 1037 orbi.

47 1185 172 1249 inge
214 1181 372 1231 datos
414 1191 632 1226 currus:
695 1170 827 1238 quid
871 1172 1036 1234 ages?
1092 1162 1374 1214 Poterisne
1417 1157 1605 1210 rotatis

41 1277 158 1328 vius
201 1275 274 1324 ire
317 1271 475 1340 polis,
518 1286 584 1318 ne
625 1275 676 1317 te
720 1265 859 1314 citus
901 1259 1111 1311 auferat
1151 1257 1305 1307 axis?
1741 1264 1794 1303 60

35 1373 199 1421 rsitan
241 1376 295 1418 et
335 1367 488 1416 lucos
531 1362 638 1412 illic
680 1359 953 1423 urbesque
997 1355 1227 1404 deorum

28 1464 248 1531 »ncipias
291 1460 475 1511 animo
518 1454 859 1518 delubraque
901 1449 1033 1499 ditia
1072 1445 1230 1496 donis

32 1565 123 1610 se?
179 1558 279 1609 Per
320 1552 545 1604 insidias
588 1550 686 1599 iter
727 1554 808 1596 est
849 1544 1163 1608 formasque
1205 1538 1462 1588 ferarum.

34 1671 140 1720 que
181 1651 327 1701 viam
367 1657 554 1698 teneas
598 1642 860 1706 nulloque
902 1653 1083 1688 errore
1124 1618 1368 1692 traharis,

34 1765 56 1797 r
94 1756 279 1797 tamen
322 1739 534 1792 adversi
578 1734 840 1802 gradieris
883 1747 1090 1781 cornua
1130 1726 1296 1777 Tauri
1751 1736 1803 1788 65

54 1839 415 1902 emoniosque
458 1848 614 1882 arcus
656 1826 994 1892 violentique
1036 1840 1132 1872 ora
1173 1820 1375 1870 Leonis

40 1950 250 2000 evaque
292 1928 519 1980 circuitu
563 1930 882 1975 curvantem
924 1916 1182 1968 bracchia
1224 1914 1391 1978 longo

0 2044 2 2046 ’
39 2030 235 2096 orpion
278 2034 442 2091 atque
485 2021 638 2070 aliter
679 2023 997 2067 curvantem
1039 2008 1300 2060 bracchia
1342 2005 1634 2056 Cancrum.

27 2202 134 2251 Nec
176 2198 274 2249 tibi
316 2190 706 2262 quadrupedes
750 2186 1028 2236 animosos
1071 2179 1290 2246 ignibus
1332 2176 1450 2233 illis,

27 2312 124 2345 uos
167 2293 218 2342 in
260 2298 484 2358 pectore
527 2285 748 2339 habent,
780 2297 920 2347 quos
962 2294 1055 2327 ore
1097 2284 1150 2325 et
1191 2271 1412 2323 naribus
1454 2268 1650 2323 efflant,
1762 2289 1812 2327 70

27 2434 31 2438 .
72 2393 332 2454 promptu
377 2398 565 2448 regere
607 2386 698 2428 est.
776 2376 889 2424 Vix
931 2389 1018 2422 me
1061 2370 1355 2437 patiuntur,
1388 2364 1479 2414 ubi
1522 2377 1673 2410 acres

27 2482 254 2531 [caluere
297 2477 479 2535 animi,
523 2473 822 2538 cervixque
868 2473 1139 2534 repugnat
1179 2459 1424 2512 habenis.

30 2585 51 2626 t
88 2583 163 2633 tu,
193 2571 392 2623 funesti
435 2587 501 2618 ne
543 2569 644 2617 sim
686 2565 783 2616 tibi
827 2561 1067 2612 muneris
1109 2566 1315 2614 auctor,

30 2676 131 2727 ate,
171 2683 320 2725 cave,
360 2665 491 2713 dum
530 2676 726 2726 resque
765 2657 905 2715 sinit,
941 2663 1035 2705 tua
1076 2652 1288 2716 corrige
1325 2655 1467 2697 vota.

33 2844 254 2896 Scilicet
291 2849 350 2891 ut
387 2846 574 2889 nostro
617 2836 862 2902 genitum
904 2840 958 2883 te
999 2828 1266 2895 sanguine
1309 2824 1517 2881 credas,
1772 2837 1822 2879 75

43 2954 215 3004 gnora
256 2943 404 2985 certa
446 2932 621 2999 petis?
677 2930 766 2979 Do
809 2928 1046 2994 pignora
1087 2931 1235 2972 certa
1276 2917 1541 2973 timend0‚

33 3039 55 3081 t
93 3030 270 3097 patrio
312 3035 468 3095 pater
508 3041 626 3075 esse
670 3030 816 3072 metu
857 3019 1078 3086 probor.
1161 3014 1369 3081 Aspice
1409 3009 1590 3060 vultus

37 3141 130 3174 cce
178 3139 348 3172 meos.
428 3119 770 3183 Utinamque
808 3114 1000 3165 oculos
1040 3112 1090 3161 in
1131 3117 1357 3176 pectora
1398 3117 1590 3170 posses

56 3233 250 3276 serere,
290 3222 344 3265 et
380 3213 581 3280 patrias
624 3211 766 3259 intus
801 3205 1142 3273 deprendere
1181 3197 1368 3251 curas!
