1966 3421
182 666 228 706 55

178 1213 229 1252 60

175 2820 227 2858 75

212 1786 225 1794 ’
278 1770 438 1819 Nolle
480 1771 770 1827 videretur,
816 1788 1018 1820 nomen
1061 1779 1348 1837 terraeque
1390 1787 1682 1838 suumque,

276 210 379 262 124
846 221 894 261 P.
939 217 1222 260 oleIUs
1270 217 1450 260 NASO

276 366 457 431 Quam
500 364 659 414 simul
701 364 767 412 ad
809 363 970 412 duras
1012 361 1295 426 religatam
1337 359 1596 410 bracchia
1634 369 1821 412 cautes

274 460 425 509 Vidit
465 456 1031 515 Aba1itiades,—nisi
1075 456 1223 521 quod
1266 454 1398 503 levis
1442 471 1572 503 aura
1611 455 1840 521 capillos

278 554 543 609 Moverat,
587 560 640 601 et
678 551 866 616 tepido
910 549 1205 598 manabant
1245 548 1451 597 lumina
1493 547 1638 608 fletU,

278 647 652 696 Marmoreum
695 652 840 694 ratus
883 652 1025 692 esset
1065 641 1480 708 opus—trahit
1521 642 1722 692 inscius
1763 643 1914 708 ignes
1958 648 1966 681 ί

278 740 346 788 lit
386 746 584 804 stupet,
618 746 669 787 ct
707 738 856 785 visae
901 744 1185 802 correptus
1228 737 1466 801 imagine
1507 735 1716 786 formae

278 833 452 882 Paene
494 848 619 880 suas
660 838 884 896 quatere
926 838 1007 879 est
1047 829 1250 879 oblitus
1293 830 1345 878 in
1387 835 1510 879 ae're
1551 846 1777 896 pennas,

275 1020 351 1070 Ut
392 1020 554 1075 stetit,
599 1019 750 1076 “O,''
793 1019 947 1076 dixit,
991 1023 1151 1067 “non
1194 1018 1306 1068 istis
1348 1018 1515 1083 digna
1555 1017 1792 1069 catenis!

276 1114 456 1163 Pande
500 1112 793 1178 requirenti
838 1129 1038 1161 nomen
1079 1120 1366 1178 terraeque
1407 1120 1694 1179 tuumque,

276 1207 346 1257 Et
386 1223 481 1256 cur
519 1205 699 1256 vincla
740 1206 945 1271 geras.‘'

1035 1300 1215 1349 Primo
1257 1299 1378 1350 silet
1418 1299 1524 1360 illa,
1566 1317 1665 1349 nec
1707 1300 1873 1351 audet

275 1395 576 1461 Appellare
615 1394 791 1443 virum
831 1394 1017 1458 virgo3
1069 1394 1433 1459 manibusque
1477 1394 1759 1444 modestos

277 1490 520 1539 Celasset
559 1488 756 1545 vultus,
800 1488 841 1536 si
884 1504 993 1536 non
1037 1488 1262 1552 religata
1304 1487 1508 1537 fuisset.

277 1582 524 1640 Lumina,
568 1582 718 1648 quod
761 1582 955 1647 potuit,
999 1581 1234 1630 lacrimis
1276 1581 1523 1647 implevit
1562 1580 1787 1632 obortis.

275 1676 506 1742 Saepius
550 1676 783 1733 instanti,
829 1693 926 1725 sua
968 1693 1034 1725 ne
1076 1676 1275 1725 delicta
1317 1675 1469 1725 fateri

276 1865 605 1931 Quantaque
648 1875 924 1916 maternae
966 1866 1127 1916 fuerit
1168 1866 1369 1916 fiducia
1409 1866 1634 1927 formae,

278 1959 502 2010 Indicat.
584 1960 654 2009 Et
696 1961 938 2009 nondum
983 1961 1300 2010 memoratis
1342 1960 1600 2010 omnibus
1641 1961 1789 2011 unda

276 2053 536 2110 Insonust,
579 2055 914 2120 veniensque
958 2055 1227 2103 immenso
1269 2054 1433 2104 belua
1474 2063 1648 2121 ponto

275 2145 545 2206 Imminet,
588 2156 641 2197 et
680 2147 849 2197 latum
891 2148 993 2197 sub
1035 2156 1259 2214 pectore
1301 2149 1551 2215 possidet
1590 2165 1812 2216 aequor.

275 2334 599 2385 Conclamat
638 2337 808 2401 virgo.
894 2335 1123 2386 Genitor
1165 2337 1412 2402 lugubris
1454 2345 1508 2388 et
1546 2354 1655 2387 una

276 2427 454 2478 Mater
494 2414 662 2487 adest,
707 2430 871 2479 ambo
916 2430 1112 2488 miseri,
1156 2431 1252 2480 sed
1296 2431 1487 2481 iustius
1530 2431 1635 2481 illa.

275 2521 390 2570 Nec
433 2539 618 2571 secum
662 2523 944 2582 auxilium,
987 2524 1082 2573 sed
1125 2524 1323 2589 dignos
1364 2533 1617 2591 ternpore
1659 2523 1817 2575 fletus

276 2615 710 2681 l'langoremque
753 2616 945 2675 ferunt,
988 2617 1285 2684 vinctoque
1329 2618 1380 2667 in
1422 2635 1656 2684 corpore
1699 2618 1902 2668 adhaer

276 2706 415 2755 Cum
459 2709 533 2756 sie
578 2708 778 2774 hospes
820 2711 919 2759 ait:
972 2710 1398 2761 “Lacrimarum
1442 2711 1609 2777 longa
1649 2728 1869 2761 manere

272 2800 549 2866 Tempora
597 2819 693 2851 vos
742 2811 1027 2868 poterunt;
1090 2805 1157 2853 ad
1205 2822 1371 2870 opem
1419 2805 1599 2855 brevis
1652 2804 1788 2854 hora
1839 2803 1901 2854 fe:
1950 2859 1958 2869 ἡ

491 2895 615 2943 dam
659 2904 753 2945 cst.

279 2985 437 3036 Hanc
480 3005 584 3052 ego
628 2989 667 3036 si
713 2998 952 3054 peterem
998 2991 1224 3041 Perseus
1266 2992 1396 3042 Iove
1439 3000 1596 3043 natus
1638 2999 1691 3042 et
1731 2991 1827 3042 alis

276 3079 470 3130 Aerias
512 3098 675 3131 ausus
718 3083 926 3132 iactatis
969 3084 1042 3133 ire
1085 3102 1182 3150 per
1223 3102 1395 3144 auras,

276 3174 578 3224 l'raeferrer
619 3176 829 3225 cunctis
869 3185 1014 3226 certe
1057 3178 1287 3256 generl'
1335 3178 1562 3228 Addere
1602 3178 1766 3229 tantis
