2018 3400
446 190 807 233 DISCESSUS
857 190 926 230 IN
975 189 1190 231 EXSILI
1208 190 1305 232 UM

37 335 224 400 ¹'ingite
267 350 352 382 me
394 334 623 398 dignum
666 332 757 382 tali
801 349 949 391 nece,
992 349 1100 381 non
1143 349 1248 397 ego
1290 333 1438 381 solus

79 428 187 478 Hic
227 425 415 476 vehor.
497 425 810 475 Immeritos
852 442 948 474 cur
990 442 1111 474 mea
1152 443 1334 491 poena
1374 425 1571 476 trahit?

35 588 108 636 'ro
149 584 332 651 superi
374 584 684 648 viridesque
726 583 830 639 dei,
874 582 1075 648 quibus
1116 599 1360 648 aequora
1400 598 1578 641 curae,

78 679 323 744 Utraque
367 677 471 725 iam
512 683 718 725 vestras
761 676 931 725 sistite
973 676 1133 725 turba
1175 676 1375 735 minas;

32 771 302 837 2uamque
343 769 496 819 dedit
534 769 701 818 vitam
745 769 1032 818 mitissima
1075 768 1324 818 Caesaris
1366 769 1444 818 ira

80 864 240 914 Hanc
281 864 437 914 sinite
480 863 669 912 infelix
711 863 763 911 in
805 862 927 912 loca
968 863 1113 912 iussa
1154 863 1340 914 feram.

30 958 79 1018 ii,
121 974 285 1025 quam
327 956 645 1014 commerui,
689 973 928 1023 poenam
971 974 1057 1006 me
1098 957 1339 1023 pendere
1380 955 1557 1015 vultiS,

78 1050 256 1118 Culpa
297 1067 419 1100 mea
457 1057 540 1100 est
579 1050 700 1117 ipso
744 1050 922 1099 iudice
966 1058 1140 1100 morte
1183 1050 1376 1101 minor.

402 1337 477 1376 22.
527 1333 871 1377 JUPPJTER
911 1334 1348 1376 MJSERJCORS.

23 1500 80 1561 Si,
121 1499 374 1567 quotiens
415 1506 650 1565 peccant
689 1497 958 1557 homines,
1002 1516 1100 1548 sua
1141 1497 1369 1548 fulmina
1410 1498 1590 1549 mittat

78 1594 342 1661 Iuppiter,
385 1594 590 1659 exiguo
632 1601 884 1659 tempore
926 1593 1147 1642 inermis
1189 1593 1317 1654 erit3

63 1704 181 1747 une,
224 1687 315 1737 ubi
357 1686 609 1737 detonuit
649 1687 992 1753 strepituque
1035 1687 1301 1737 exterruit
1341 1686 1551 1747 orbem,

78 1781 278 1832 Pururn
319 1779 577 1830 discussis
619 1785 744 1829 aera
785 1780 964 1830 reddit
1005 1780 1175 1846 aquis.

39 1958 130 1991 ure
171 1941 334 2006 igitur
374 1941 702 2008 genitorque
743 1941 910 1992 deum
953 1949 1242 2008 rectorque
1283 1950 1528 2001 vocatur,

79 2033 202 2085 Iure
243 2051 422 2102 capax
463 2035 701 2085 mundus
744 2034 816 2084 nil
859 2034 991 2085 Iove
1034 2035 1208 2085 maius
1249 2034 1430 2086 habet.

366 2276 443 2316 23.
495 2275 872 2317 DISCESSUS
910 2277 998 2317 IN
1035 2277 1392 2319 EXSJLJLUJ.

14 2415 149 2468 Cum
189 2418 336 2469 subit
375 2417 515 2468 illius
556 2418 865 2468 tristissima
905 2420 1081 2470 noctis
1123 2419 1324 2486 imagO,

81 2509 204 2575 Qua
245 2511 376 2561 mihi
417 2528 736 2578 supremum
780 2520 1000 2579 tempus
1042 2513 1095 2563 in
1137 2514 1290 2564 Urbe
1330 2513 1447 2574 fuit,

13 2601 149 2653 Cum
190 2612 378 2671 repeto
421 2613 660 2668 noctem,
704 2624 813 2673 qua
852 2614 936 2657 tot
976 2607 1108 2657 mihi
1150 2624 1277 2657 cara
1319 2607 1528 2675 reliqui,

80 2695 306 2748 Labitur
345 2715 415 2747 ex
455 2699 630 2749 oculis
671 2716 817 2749 nunc
859 2717 1083 2766 quoque
1125 2708 1281 2766 gutta
1321 2701 1472 2752 meis,

13 2853 127 2905 Iam
166 2874 341 2925 prope
382 2858 478 2909 lux
520 2859 724 2919 aderat,
767 2876 878 2926 qua
917 2876 1004 2909 me
1046 2860 1330 2910 discedere
1373 2858 1574 2910 Caesar

80 2949 306 3002 Finibus
346 2960 628 3003 extremae
669 2953 900 3003 iusserat
937 2952 1240 3004 Ausoniae.

12 3040 126 3093 Nec
165 3045 402 3111 spatium
443 3045 635 3106 fuerat,
678 3063 778 3096 nec
820 3063 974 3096 mens
1015 3047 1144 3096 satis
1186 3054 1316 3113 apta
1356 3046 1613 3113 parandi;

80 3136 424 3203 Torpuerant
463 3138 631 3204 longa
671 3147 899 3206 pectora
938 3147 1124 3190 nostra
1164 3156 1331 3189 mora.

1680 181 1747 228 69

1795 871 1843 911 50
