2018 3400
551 191 790 233 DOMUS
839 190 1157 233 INVIDIAL'
1639 186 1731 236 1117

0 373 36 414 [er
62 343 139 394 isit
165 337 507 390 Atlantiades
548 344 617 394 et,
661 336 809 385 “Me
852 337 1000 395 mihi,
1044 339 1270 404 perside,
1315 342 1539 406 prodis?

52 439 92 487 je
130 433 255 485 mihi
297 431 519 498 prodis?
544 430 570 447 ’'
602 430 691 489 ait,
722 431 1054 496 periuraque
1096 441 1322 497 pectora
1361 435 1522 483 vertit

51 549 63 580 1
100 530 289 579 durum
329 525 555 583 silicem,
599 524 691 590 qui
734 542 878 573 nunc
921 542 1144 591 quoque
1187 527 1385 576 dicitur
1428 527 1633 590 Indcx;

49 638 163 690 ique
203 618 331 670 nihil
373 618 566 668 merito
607 627 763 668 vetus
806 626 888 669 est
928 618 1150 668 infamia
1190 638 1343 671 saxo,

501 825 546 865 6.
593 823 842 865 DOMUS
878 823 1228 865 JA'JJYDJAE.

223 927 455 974 Minerva
481 927 670 972 dentum
697 926 923 973 Invidiae
941 928 1077 986 pelis,
1105 933 1149 972 et
1172 928 1325 988 ipsam
1352 928 1489 974 videl.

67 1038 303 1089 Protinus
345 1038 589 1087 Invidiae
632 1037 789 1103 nigro
830 1037 1138 1103 squalentia
1177 1039 1307 1088 tabo

45 1140 154 1183 ecta
191 1132 340 1198 petit.
420 1131 637 1181 Domus
680 1140 762 1181 est
802 1132 922 1181 imis
965 1132 1016 1180 in
1050 1132 1282 1181 vallibus
1317 1132 1478 1182 huius

44 1225 207 1285 bdita,
248 1225 361 1274 sole
403 1242 610 1284 carens,
655 1242 764 1273 non
808 1225 898 1274 ulli
942 1226 1130 1291 pervia
1165 1235 1347 1285 vento,

42 1307 172 1369 1sistis
209 1326 260 1368 et
296 1319 475 1384 ignavi
518 1319 836 1385 plenissima
879 1319 1111 1385 frigoris,
1151 1329 1204 1370 et
1245 1337 1386 1386 quae

43 1428 124 1474 {ne
159 1420 312 1463 vacet
351 1430 586 1479 semper,
629 1413 862 1478 caligine
904 1430 1125 1479 semper
1166 1414 1424 1465 abundet.
1774 1433 1794 1474 5

41 1563 118 1595 luc
153 1546 241 1596 ubi
278 1548 524 1613 pervenit
564 1547 692 1597 belli
734 1549 1031 1598 metuenda
1066 1548 1272 1613 virago,

45 1640 241 1690 onstitit
281 1649 403 1691 ante
445 1642 690 1700 domum,
728 1659 908 1708 neque
951 1642 1095 1691 enim
1135 1643 1433 1692 succedere
1474 1642 1634 1693 tectis

43 1750 93 1782 as
124 1732 299 1795 habet,
338 1743 391 1785 et
430 1743 620 1801 postes
658 1746 909 1785 extrema
946 1736 1175 1802 cuspide
1210 1736 1408 1802 pulsat,

43 1883 293 1917 oncussae
335 1876 560 1934 patuere
602 1869 760 1918 fores.
841 1869 1011 1919 Videt
1052 1869 1193 1919 intus
1232 1870 1488 1920 edentem

47 1959 242 2026 ipereas
283 1979 485 2021 carnes,
526 1963 782 2012 vitiorum
823 1963 1079 2012 alimenta
1116 1980 1356 2021 suorum,
1771 1989 1818 2016 10

38 2027 262 2114 Ilvidiam‚
299 2057 525 2123 visaque
564 2058 756 2106 oculos
799 2058 1005 2108 avertit.
1084 2057 1163 2107 At
1201 2057 1289 2106 illa

32 2150 168 2214 ¹urgit
204 2149 372 2201 humo
414 2153 569 2218 pigre
611 2169 1061 2217 semesarumque
1104 2151 1360 2217 relinquit

29 2242 228 2324 {Cerora
267 2255 600 2311 serpentum,
637 2264 915 2312 passuque
957 2246 1160 2295 incedit
1201 2245 1370 2295 inerti.

0 2337 2 2351 '
40 2330 169 2400 ¹tque
208 2338 365 2388 deam
407 2340 544 2390 vidit
583 2340 872 2406 formaque
914 2340 1189 2405 armisque
1225 2340 1501 2398 decoram,

0 2434 2 2438 “
43 2431 256 2492 lgemuit
296 2432 527 2483 multum
570 2442 733 2499 atque
778 2434 960 2483 animo
1003 2433 1236 2499 suspiria
1276 2433 1448 2482 duxit.
1768 2455 1812 2499 15

47 2519 158 2570 tllor
196 2523 246 2572 in
286 2542 378 2574 ore
416 2527 585 2584 sedet,
628 2528 830 2576 macies
867 2528 917 2575 in
957 2544 1190 2592 corpore
1227 2535 1363 2585 toto,

37 2586 60 2618 n

0 2615 263 2712 &eisquam
298 2627 443 2669 recta
479 2621 638 2678 acies,
677 2620 845 2671 livent
878 2621 1128 2686 robigine
1163 2621 1369 2678 dentes,

33 2713 207 2804 ,ictora
241 2710 361 2760 felle
393 2713 584 2769 virent,
626 2714 813 2778 lingua
849 2722 930 2764 est
964 2715 1170 2763 suffusa
1206 2731 1434 2764 venenO.

36 2787 146 2898 *trims
181 2802 344 2864 abest,
384 2806 484 2855 nisi
523 2824 688 2872 quem
726 2808 824 2856 visi
864 2825 1085 2857 movere
1124 2808 1360 2866 dolores,

44 2923 48 2938 «
78 2907 103 2940 c
133 2892 318 2946 fruitur
353 2916 564 2959 somno,
606 2901 930 2965 vigilacibus
968 2902 1150 2950 excita
1190 2902 1350 2957 curis,
1763 2928 1812 2956 20

23 2983 97 3060 “³1
129 2987 272 3039 videt
309 2990 567 3057 ingratos,
618 2994 1018 3060 intabescitque
1058 2995 1316 3053 videndo,

22 3079 279 3155 ⁸f‘tccessus
316 3083 615 3143 hominum,
660 3087 944 3153 carpitque
983 3095 1036 3136 et
1073 3088 1314 3153 carpitur
1350 3104 1471 3145 una,

0 3172 435 3255 ‚agappliciumque
476 3197 635 3228 suum
675 3188 769 3229 est.
