1929 3350
194 615 244 656 70

191 1073 239 1117 75

293 157 397 210 158
873 173 928 215 Ρ.
975 172 1262 216 OVIDIUS
1307 173 1486 216 NASO

1890 216 1904 243 J·

362 316 475 366 Vix
516 333 579 367 ea
621 316 761 367 fatus
802 325 932 376 erat,
977 316 1160 367 media
1199 332 1327 367 cum
1368 316 1498 366 sede
1539 324 1760 367 senatus

293 398 552 460 Constitit
592 411 735 460 alma
761 411 968 470 Venus,
1011 411 1143 460 nulli
1185 411 1475 470 cernenda,
1519 410 1711 476 suique
1876 434 1903 473 ’ς

292 501 542 553 Caesaris
584 505 784 571 eripuit
825 503 1085 555 membris
1127 521 1226 555 nec
1270 505 1320 553 in
1364 510 1487 554 aera
1528 503 1664 554 solvi
1925 507 1929 551 l

295 597 459 647 Passa
501 607 777 648 recentem
819 599 1058 647 animam
1100 597 1428 648 caelestibus
1470 598 1649 649 intulit
1689 597 1875 668 astriS.[

291 691 552 757 Dumque
593 693 730 751 tulit,
772 692 957 742 lumen
1000 709 1198 759 capere
1240 701 1402 758 atque
1444 693 1726 758 ignescere
1767 671 1906 759 senis}

290 784 597 850 Emisitque
639 786 775 836 sinu.
858 785 1017 835 Luna
1054 786 1203 836 volat
1244 786 1403 836 altius
1446 786 1550 846 illa,

288 879 812 945 1⁴'l‘0nn1niferun1que
853 879 1075 929 trahens
1117 880 1363 946 spatioso
1406 880 1576 930 limite
1617 879 1824 930 crinem

290 972 460 1022 Stella
501 974 695 1033 micat3
745 973 966 1038 natique
1002 974 1194 1023 videns
1236 974 1525 1025 benefacta
1565 973 1764 1026 fatetur

288 1065 425 1116 Esse
465 1067 576 1116 suis
618 1067 841 1127 maiora,
883 1075 937 1117 et
971 1067 1114 1117 vinci
1157 1069 1362 1134 gaudet
1403 1068 1470 1118 ab
1511 1066 1620 1120 illo.

629 1332 703 1372 24.
744 1331 939 1373 FJNJS
974 1331 1688 1376 METAMORPHOSEON.

361 1472 589 1540 Iamque
631 1492 772 1541 opus
814 1475 994 1541 exegi,
1025 1476 1173 1542 quod
1216 1493 1316 1525 nec
1359 1474 1506 1526 Iovis
1547 1474 1626 1526 ira
1667 1493 1766 1526 nec
1809 1476 1918 1543 igr*

289 1565 410 1617 Nec
452 1569 655 1634 poterit
697 1568 897 1618 ferrum
939 1586 1040 1619 nec
1082 1570 1227 1620 edax
1268 1569 1490 1620 abolere
1527 1578 1788 1622 vetustas,

289 1721 431 1774 Cum
470 1723 634 1783 volet,
678 1723 767 1773 illa
805 1724 937 1784 dies,
977 1741 1118 1791 quae
1160 1724 1232 1774 nil
1277 1724 1377 1775 nisi
1419 1724 1669 1791 corporis
1711 1723 1874 1776 huius
1912 1729 1914 1733 '

289 1818 379 1868 Ius
422 1818 601 1878 habet,
645 1819 833 1869 incerti
876 1819 1115 1886 spatium
1158 1818 1289 1868 mihi
1332 1817 1483 1868 finiat
1523 1818 1656 1878 aevi,

288 1913 443 1963 Parte
484 1921 669 1963 tamen
713 1913 937 1963 meliore
980 1913 1086 1962 mei
1128 1929 1295 1979 super
1336 1912 1443 1962 alta
1483 1911 1740 1978 perennis

285 2005 457 2059 Astra
498 2008 654 2069 ferar,
698 2024 1012 2074 nomenque
1054 2006 1155 2057 erit
1196 2005 1488 2056 indelebile
1530 2013 1792 2056 nostrum.

285 2163 524 2232 Quaque
566 2172 719 2232 patet
759 2163 982 2215 domitis
1025 2162 1283 2212 Romana
1323 2160 1572 2228 potentia
1610 2160 1785 2222 terriS,

287 2258 398 2309 Ore
441 2260 590 2325 legar
630 2258 840 2326 populi,
885 2274 1094 2325 perque
1135 2257 1322 2306 omnia
1365 2255 1586 2305 saecula
1626 2255 1786 2315 fama,

284 2352 341 2403 Si
383 2354 514 2420 quid
558 2353 764 2403 habent
805 2354 915 2403 veri
957 2361 1144 2403 vatum
1188 2351 1491 2419 praesagia,
1530 2351 1730 2401 vivam.
