1966 3421
139 1565 184 1591 10

143 2067 183 2107 ¹5

144 2597 192 2624 20
241 2574 519 2637 Quantum
576 2582 705 2632 erat,
761 2581 818 2622 ut
871 2573 1074 2621 sineres
1127 2579 1245 2621 toto
1301 2588 1399 2620 nos
1454 2587 1687 2636 corpore
1741 2569 1905 2636 iungi,

133 3098 179 3138 25

236 216 338 267 116
810 231 859 271 P.
911 229 1192 272 OVIDIUS
1240 229 1417 272 NASO

645 443 691 482 9.
752 442 1096 483 l'JfA‘AJlUS
1134 441 1236 482 ET
1280 441 1550 484 THJSBE.

665 568 716 612 E
719 582 830 612 rror
852 566 968 611 levis
992 566 1108 623 duos
1131 570 1346 611 amantes
1356 565 1537 625 perdit.

755 639 798 649 A

304 702 565 765 Pyramus
608 708 658 748 et
698 697 920 755 Thisbe,
965 680 1223 746 iuilenum
1267 695 1670 762 pulcherrimus
1713 698 1862 756 alter,

231 794 436 846 Altera.
481 809 615 858 quas
658 791 836 840 oriens
880 790 1085 849 habuit,
1128 789 1373 856 praelata
1400 791 1628 856 -puellis,

231 887 531 951 Contiguas
575 894 798 934 tenuere
842 885 1055 942 domos,
1100 883 1191 932 ubi
1235 884 1434 933 dicitur
1475 884 1640 934 altam

231 980 533 1030 Coctilibus
577 979 743 1027 muris
789 978 1025 1026 cinxisse
1069 977 1388 1027 Semiramis
1431 977 1636 1028 urbem.

229 1074 492 1124 Notitiam
536 1073 852 1138 primosque
896 1071 1098 1136 gradus
1138 1071 1336 1120 vicinia
1376 1070 1531 1132 fecit;

228 1168 504 1233 Tempore
547 1166 715 1215 crevit
755 1182 925 1214 amor.
1007 1164 1229 1214 Taedae
1274 1182 1498 1231 quoque
1542 1166 1655 1215 iure
1699 1164 1941 1217 coissen

231 1262 338 1312 Sed
382 1269 602 1309 vetuere
645 1267 844 1325 patres.
927 1257 1092 1322 Quod
1137 1275 1245 1307 non
1289 1267 1520 1324 potuere
1561 1268 1760 1320 vetare,

232 1355 317 1404 Ex
360 1371 537 1419 aequo
581 1353 754 1420 captis
797 1351 1062 1401 ardebant
1104 1351 1379 1401 mentibus
1428 1352 1610 1404 ambo.

230 1448 496 1498 Conscius
539 1446 715 1495 omnis
758 1444 940 1504 abest;
1002 1453 1133 1494 nutu
1177 1445 1457 1511 signisque
1500 1445 1821 1512 loquuntur,

232 1541 471 1607 Quoque
517 1540 690 1604 magis
731 1518 948 1604 tegifur,
991 1546 1168 1587 tectus
1212 1539 1386 1603 magis
1429 1547 1642 1589 aestuat
1684 1540 1841 1605 ignis.

233 1682 417 1731 Fissus
466 1689 577 1729 erat
629 1680 778 1729 tenui
835 1680 984 1738 rima,
1041 1697 1206 1745 quam
1261 1679 1496 1730 duxerat
1549 1680 1698 1739 olim,

233 1776 372 1825 Cum
427 1774 595 1831 fieret,
652 1774 829 1839 paries
883 1773 1070 1822 domui
1127 1773 1438 1823 communis
1493 1774 1722 1839 utrique.

235 1870 294 1918 Id
350 1868 538 1918 vitium
594 1866 722 1916 nulli
779 1884 876 1933 per
929 1867 1146 1916 saecula
1201 1867 1366 1931 longa
1419 1875 1760 1917 notatum—

234 1963 379 2028 Quid
438 1979 543 2011 non
599 1962 762 2011 sentit
816 1966 1094 2010 amor?——
1120 1961 1279 2026 primi
1334 1961 1560 2019 vidistis,
1616 1969 1878 2021 amantes,

238 2058 305 2107 Iit
357 2057 506 2106 vocis
561 2056 762 2106 fecistis
818 2056 943 2115 iter3
1004 2063 1264 2121 tutaeque
1318 2072 1416 2120 per
1469 2054 1599 2104 illud

238 2153 518 2201 Murmure
574 2150 869 2200 blanditiae
925 2149 1150 2198 minimo
1204 2148 1432 2198 transire
1479 2149 1746 2200 solebant.

237 2294 429 2359 Saepe,
474 2291 565 2342 ubi
610 2291 984 2349 constiterant,
1027 2288 1154 2339 hinc
1193 2288 1417 2348 Thisbe,
1461 2289 1725 2354 Pyramus
1772 2288 1905 2338 illinc

241 2387 410 2452 Inque
464 2387 609 2435 vices
664 2385 836 2435 suerat
883 2392 1135 2451 captatus
1189 2383 1460 2433 anhelitus
1513 2383 1638 2442 oris,

239 2487 267 2503 ‘⁴
299 2480 535 2537 lnvide,”
587 2479 857 2536 dicebant,
908 2478 1152 2544 “paries,
1202 2477 1333 2543 quid
1389 2476 1700 2526 amantibus
1753 2475 1929 2527 obsta

242 2666 356 2715 Aut
409 2667 513 2715 hoc
567 2667 607 2715 si
666 2665 910 2723 nimium,
964 2665 1049 2714 vel
1104 2665 1170 2714 ad
1226 2663 1414 2713 oscula
1467 2663 1649 2713 danda
1703 2670 1906 2730 pateres

243 2760 356 2808 Nec
412 2776 599 2808 sumus
656 2758 878 2824 ingrati3
940 2758 1036 2808 tibi
1088 2775 1186 2807 nos
1241 2757 1442 2806 debere
1500 2755 1747 2817 fatemur,
1926 2771 1930 2830 ξ

244 2852 408 2917 Quod
465 2854 622 2901 datus
677 2861 758 2902 est
811 2851 986 2901 verbis
1041 2852 1108 2900 ad
1163 2851 1368 2900 amicas
1423 2850 1682 2900 transitus
1736 2857 1930 2900 aures.¹

242 2993 393 3043 Talia
448 2993 659 3041 diversa
713 2993 1048 3058 nequiquam
1103 2991 1233 3041 sede
1288 2991 1456 3041 locuti

245 3087 359 3136 Sub
403 3095 620 3136 noctem
664 3086 854 3134 dixere
897 3084 1112 3143 “vale,''
1156 3084 1408 3151 partique
1449 3084 1652 3134 dedere

246 3180 448 3231 Oscula
503 3180 733 3245 quisque
788 3196 931 3235 suae,
987 3196 1095 3227 non
1151 3178 1523 3244 pervenientia
1577 3185 1781 3228 contra.
