2018 3400
76 400 301 450 >rnaque
341 390 395 432 et
435 382 486 431 in
528 382 676 431 duris
717 381 1000 430 hacrentia
1040 397 1194 430 mora
1235 382 1438 431 rubetis

74 496 96 539 :,
136 494 277 545 quae
317 476 634 526 deciderant
673 474 861 542 patula
901 474 1046 523 Iovis
1087 474 1297 534 arbore,
1340 476 1582 540 glandes,

71 627 118 660 er
155 616 270 660 erat
308 616 608 667 aeternum,
651 606 965 674 placidique
1005 607 1323 673 tepentibus
1364 608 1507 657 auris

75 701 325 753 ulcebant
363 701 589 768 zephyri
631 709 788 750 natos
828 701 944 750 sine
985 701 1193 750 somine
1235 700 1413 752 flores

71 814 146 847 ox
184 796 347 846 etiam
388 795 569 860 fruges
610 794 770 844 tellus
814 795 1019 844 inarata
1060 794 1283 855 screbat,

65 906 121 940 ec
162 896 452 939 renovatus
494 905 623 953 ager
664 887 901 953 gravidis
942 888 1176 938 canebat
1216 889 1407 940 aristis,

63 982 255 1032 ‚nmina
295 982 401 1031 iam
441 981 612 1040 lactis,
656 981 762 1029 iam
806 980 1030 1031 flumina
1073 983 1304 1032 nectaris
1347 982 1512 1043 ibant,

60 1092 279 1142 lavaque
319 1075 387 1125 de
426 1074 584 1125 viridi
625 1074 903 1125 stillabant
943 1075 1063 1125 ilice
1107 1076 1281 1127 mella.

530 1250 745 1297 Secunda
772 1250 932 1310 Aetas,
960 1250 1214 1311 Argentea.

76 1378 386 1446 Postquam,
429 1377 667 1429 Saturno
708 1379 1004 1430 tenebrosa
1044 1380 1094 1429 in
1139 1379 1370 1431 Tartara
1411 1381 1595 1442 misso,

52 1472 118 1523 ub
159 1472 291 1523 Iove
334 1473 570 1523 mund-us
612 1481 741 1533 erat,
784 1474 951 1524 subiit
991 1481 1252 1539 argentea
1292 1474 1491 1541 proles,

63 1583 159 1616 uro
200 1567 452 1627 deterior,
496 1566 643 1617 fulvo
686 1568 980 1634 pretiosior
1021 1585 1177 1617 aere.-

70 1660 250 1728 ppiter
290 1661 497 1727 antiqui
539 1662 816 1712 contraxit
854 1670 1108 1728 tempora
1146 1663 1304 1723 veris,

79 1771 209 1821 rque
249 1753 458 1804 hiemes
500 1763 794 1822 aestusque
816 1763 889 1834 ,et
930 1756 1245 1822 inaequales
1289 1765 1582 1807 autumnos

45 1856 74 1899 ,t
111 1848 274 1899 breve
314 1866 421 1909 ver,
464 1849 655 1915 spatiis
698 1849 886 1915 exegit
927 1857 1188 1915 quattuor
1228 1867 1448 1901 annum.

43 1983 140 2032 'um
180 1982 415 2049 primum
458 1983 615 2033 siccis
657 1988 747 2032 ae'r
788 1982 1092 2033 fervoribus
1134 1991 1287 2033 ustus

41 2077 250 2136 Canduit,
293 2085 346 2128 et
383 2078 557 2128 ventis
601 2077 802 2143 glacies
845 2077 1103 2127 adstricta
1144 2079 1424 2144 pependit.

40 2170 139 2220 'um
179 2171 416 2237 primum
459 2172 674 2222 subiere
717 2172 931 2221 domus.
1014 2172 1232 2221 Domus
1274 2179 1428 2221 antra
1469 2171 1687 2223 fuerunt

37 2262 73 2314 {t
109 2264 260 2314 densi
301 2265 520 2316 frutices
563 2274 617 2316 et
656 2265 871 2315 vinctae
914 2265 1119 2315 cortice
1158 2265 1360 2330 virgae.

44 2357 220 2408 emina
258 2366 373 2409 tum
416 2360 654 2426 primurn
697 2359 876 2424 longis
920 2357 1168 2409 Cerealia
1209 2358 1372 2408 sulcis

35 2449 211 2502 )bruta
249 2460 388 2513 sunt,
431 2453 716 2520 pressique
759 2453 889 2518 iugo
932 2469 1193 2518 gemuere
1235 2452 1465 2502 iuvenci.

374 2656 535 2702 Drlz'a
559 2655 710 2702 Aetas
734 2657 914 2714 Αέῆῑεα,
951 2656 1145 2716 Quarta
1169 2656 1361 2702 Ferrea.

69 2780 248 2833 Tertia
287 2792 413 2850 post
453 2784 597 2834 illam
640 2786 905 2835 successit
946 2791 1115 2835 aenea
1156 2784 1355 2851 proles,

28 2871 223 2925 {aevior
262 2877 491 2942 ingeniis
533 2886 586 2928 et
627 2880 694 2928 ad
735 2879 957 2928 horrida
998 2879 1310 2944 promptior
1351 2894 1517 2937 arma,

27 2966 125 3016 lon
163 2969 424 3021 scelerata
460 2979 663 3021 tamen.

743 3087 830 3137 De
870 3087 1008 3137 duro
1050 3094 1132 3136 est
1172 3086 1363 3136 ultima
1403 3085 1563 3136 ferro.

23 3171 250 3226 .³rotinus
290 3177 481 3245 irrupit
518 3197 690 3229 venae
732 3180 934 3246 peioris
976 3180 1028 3228 in
1071 3196 1267 3229 aevum

379 240 753 295 QUATTUOR
797 239 1104 281 AETATES
1152 240 1196 279 M
1213 239 1301 279 UN
1318 240 1382 278 1)1
1676 227 1741 275 83

1783 2378 1833 2420 35

1779 3205 1829 3238 40
