1916 3389
573 484 653 523 18.
695 479 939 523 MJDAS,

461 635 698 682 Avaritia
708 634 952 695 ficgz'endcz
975 637 1055 680 est.

53 792 217 825 enum
259 773 546 841 quondam
585 772 914 823 titubantem
956 772 1223 839 annisque
1266 789 1532 839 meroque

41 868 188 918 colae
231 884 428 934 cepere
470 866 733 932 Phryges,
774 866 1134 932 vinctumque
1176 865 1396 915 coronis

41 977 214 1026 egem
257 961 466 1010 duxere
512 959 719 1018 Midan,
763 958 849 1007 cui
890 958 1157 1007 Thracius
1196 956 1456 1023 Orpheus

104 1053 404 1102 tradiderat
445 1069 571 1100 cum
610 1051 883 1117 Cecropio
927 1051 1224 1117 Eumolpo,

46 1146 207 1195 simul
249 1146 473 1211 agnovit
513 1145 727 1194 socium
770 1145 1141 1209 comitemque
1183 1161 1484 1203 sacrorum,

41 1240 151 1289 )itis
196 1240 432 1289 adventu
478 1238 677 1288 festum
721 1239 1006 1303 genialiter
1047 1238 1159 1304 egit

40 1333 116 1382 'ais
158 1333 401 1399 quinque
443 1333 559 1382 dies
601 1340 656 1383 et
695 1332 906 1382 iunctas
949 1333 1140 1382 ordine
1182 1339 1389 1382 noctes.

77 1490 185 1540 iam
226 1489 505 1540 stellarum
547 1489 781 1539 sublime
822 1497 1083 1555 coegerat
1123 1505 1323 1554 agmen

56 1601 113 1633 er
156 1583 497 1643 undecimus,
543 1582 735 1649 Lydos
778 1600 903 1632 cum
949 1583 1122 1633 laetus
1167 1584 1219 1632 in
1262 1600 1424 1649 agros

59 1678 221 1737 venit,
265 1686 318 1728 et
358 1677 539 1727 iuveni
584 1676 830 1727 Silenum
874 1678 1053 1727 reddit
1094 1677 1332 1727 alumno.

81 1771 218 1822 deus
259 1771 488 1838 optandi
531 1779 763 1837 gratum,
809 1772 905 1820 sed
950 1771 1152 1829 inutile,
1197 1770 1326 1821 fecit

69 1866 138 1916 ris
180 1866 479 1924 arbitrium,
525 1867 770 1930 gaudens
814 1865 984 1914 altore
1028 1873 1264 1931 recepto.

50 1959 190 2009 male
232 1976 428 2008 usurus
470 1959 648 2018 donis,
692 1959 777 2016 ait,
822 1957 1065 2017 “Effice,
1110 1958 1374 2024 quicquid

47 2071 141 2104 ore
182 2054 485 2119 contigero,
528 2051 738 2102 fulvum
781 2060 1023 2103 vertatur
1064 2052 1115 2101 in
1159 2051 1401 2103 aurum.”

39 2208 176 2258 inuit
216 2208 434 2274 optatis,
478 2207 841 2273 nocituraque
885 2224 1112 2256 munera
1151 2205 1313 2256 solvit

41 2319 71 2361 ὲ,
113 2310 167 2352 et
207 2301 455 2360 indoluit,
500 2301 650 2368 quod
693 2318 803 2350 non
846 2301 1076 2350 meliora
1117 2301 1358 2367 petisset.

41 2413 91 2445 is
133 2396 247 2445 abit
286 2395 604 2462 gaudetque
649 2395 794 2444 malo
837 2394 1197 2460 Berecyntius
1239 2394 1419 2454 heros,

41 2489 233 2556 :itique
275 2488 441 2538 fidem
481 2489 764 2554 tangendo
808 2487 1024 2554 singula
1064 2495 1313 2554 temptat.

64 2582 302 2632 detraxit
337 2582 577 2648 virgam;
625 2582 781 2647 virga
822 2599 987 2630 aurea
1027 2581 1169 2631 facta
1210 2589 1306 2632 est.

42 2682 62 2726 t
100 2674 271 2725 humo
312 2692 538 2736 saxum;
586 2692 782 2724 saxum
827 2692 1050 2741 quoque
1093 2675 1286 2741 palluit
1325 2692 1476 2726 auro.

1 2803 5 2812 «
44 2768 139 2833 'git
178 2776 231 2818 et
270 2768 552 2833 glaebam;
602 2777 859 2819 contactu
903 2768 1100 2834 glaeba
1140 2769 1356 2835 potenti

0 2922 1 2927 ¹
51 2878 82 2911 a
119 2861 195 2913 fit.
273 2861 510 2912 Arentes
553 2861 767 2912 Cereris
810 2863 1086 2928 decerpsit
1130 2862 1349 2923 aristas3

60 3049 236 3098 eridas
278 3049 512 3098 donasse
553 3057 727 3115 putes.
808 3047 866 3098 Si
908 3049 1160 3115 postibus
1203 3049 1322 3099 altis

54 3141 167 3192 ovit
204 3142 421 3208 digitos,
464 3151 652 3209 postes
692 3142 903 3192 radiare
942 3143 1211 3193 videntur.

657 202 869 244 MiDAs
1535 179 1638 230 149

43 2971 84 3004 ra
129 2955 319 3005 messis
361 2963 490 3006 erat.
569 2956 878 3021 Demptum
919 2963 1069 3006 tenet
1108 2955 1302 3005 arbore
1343 2973 1605 3022 pomum3

1694 1703 1740 1729 10

1692 2235 1738 2277 15

1687 2707 1736 2735 20
