2018 3400
458 212 573 253 IRA
622 212 800 254 IOVIS
847 212 933 253 ET
980 211 1324 253 DILUVIUM

63 359 75 393 :
113 358 497 408 quaecumque
540 340 732 406 fugant
773 341 1023 390 inductas
1066 340 1287 389 flamina
1330 342 1519 401 nubes,

62 434 325 499 mittitque
368 433 595 484 Notum.
678 433 916 482 Madidis
958 433 1138 482 Notus
1180 434 1362 483 evolat
1401 434 1515 495 alis,

60 527 319 578 {rribilem
360 527 518 595 picea
557 535 732 577 tectus
773 526 1006 591 caligine
1047 527 1287 588 vultum;

59 621 174 671 1rba
215 620 394 686 gravis
437 621 653 680 nimbis,
697 621 845 670 canis
888 620 1005 670 fluit
1048 622 1194 670 unda
1235 622 1462 688 capillis,

57 722 197 764 ‘onte
238 715 431 764 sedent
473 713 720 773 nebulae,
765 722 950 764 rorant
991 732 1317 781 pennaeque
1359 717 1639 782 sinusque.

55 816 180 875 tque
223 825 384 857 manu
429 808 533 858 late
575 808 872 874 pendentia
914 808 1098 857 nubila
1140 810 1352 875 pressit,

0 904 1 907 ’
52 910 82 953 .t
121 901 328 967 fragor;
390 901 516 951 hinc
559 902 712 951 densi
755 901 1057 952 funduntur
1099 902 1166 951 ab
1208 902 1429 952 aethere
1473 904 1653 954 nimbi.

55 995 202 1045 untia
244 995 470 1044 Iunonis
510 996 690 1045 varios
732 996 923 1046 induta
964 996 1178 1046 colores

48 1088 251 1155 oncipit
293 1087 392 1137 Iris
435 1106 622 1156 aquas,
665 1089 1037 1156 alimentaque
1082 1090 1320 1139 nubibus
1362 1089 1551 1141 adfert.

533 1308 801 1356 Dslzm‘mn
850 1311 1012 1356 omnia
1059 1311 1205 1370 rapit.

57 1435 318 1478 eruuntur
356 1435 571 1493 segetes
614 1435 667 1477 et
707 1427 998 1493 deplorata
1038 1427 1220 1477 coloni

41 1520 136 1570 ¹ota
176 1521 370 1580 iacent,
415 1521 679 1587 longique
722 1522 864 1587 perit
905 1521 1059 1571 labor
1101 1522 1278 1571 irritus
1321 1524 1464 1572 anni.

46 1631 106 1663 ec
146 1614 300 1664 caelo
343 1622 604 1685 contenta
643 1632 742 1663 suo
786 1624 867 1665 est
911 1615 1056 1664 Iovis
1101 1616 1190 1675 ira,
1235 1618 1330 1666 sed
1374 1618 1524 1667 illum

39 1707 285 1758 aeruleus
327 1707 490 1758 frater
531 1709 678 1758 iuvat
719 1709 1077 1759 auxiliaribus
1121 1711 1299 1759 undis.

39 1809 275 1852 onvocat
316 1800 403 1851 hie
446 1800 674 1853 Amnes.
757 1801 865 1867 Qui
908 1811 1207 1869 postquam
1251 1812 1395 1853 tecta
1434 1805 1651 1869 tyranni

34 1902 266 1945 itravere
306 1895 406 1954 sui,
449 1895 626 1945 “Non
667 1903 749 1946 est
789 1895 1096 1945 hortamine
1138 1897 1306 1962 longo

31 1987 200 2049 Tunc‚''
244 1989 330 2048 ait,
375 1990 710 2040 “utendum.
791 1988 949 2039 Vires
992 1990 1257 2040 effundite
1298 2000 1520 2050 vestras,

32 2082 78 2132 ie
118 2100 259 2149 opus
301 2090 395 2134 est.
476 2082 709 2150 Aperite
751 2084 967 2143 domos,
1012 2101 1073 2133 ac
1118 2085 1262 2133 mole
1305 2094 1517 2134 remota

35 2175 329 2227 luminibus
370 2177 562 2228 vestris
603 2185 746 2227 totas
788 2177 1064 2227 immittite
1107 2176 1399 2228 habenas.'’

26 2325 237 2368 isserat.
319 2317 396 2368 Hi
439 2318 684 2377 redeunt,
728 2335 790 2368 ae
833 2318 1076 2369 fontibus
1118 2337 1214 2368 ora
1257 2319 1520 2378 relaxant,

25 2409 58 2460 it
95 2410 376 2462 defrenato
417 2411 713 2462 volvuntur
753 2412 805 2462 in
848 2430 1091 2478 aequora
1132 2430 1311 2464 cursu.

24 2519 110 2569 pse
150 2505 384 2555 tridente
425 2523 525 2555 suo
566 2514 764 2557 terram
808 2506 1092 2572 percussit.
1175 2505 1253 2556 At
1294 2507 1383 2556 illa

22 2598 271 2649 ntremuit
311 2607 578 2665 motuque
617 2600 732 2650 vias
774 2599 1036 2666 patefecit
1076 2617 1360 2666 aquarum.

21 2688 309 2756 Exspatiata
349 2701 513 2743 ruunt
553 2711 650 2760 per
691 2702 912 2760 apertos
954 2693 1180 2743 flumina
1221 2711 1466 2760 campos,

20 2781 236 2851 {umque
277 2786 406 2836 satis
448 2786 670 2837 arbusta
710 2786 871 2837 simul
914 2787 1270 2854 pecudesque
1311 2788 1570 2854 virosque

18 2875 286 2945 Tectaque,
329 2897 569 2947 cumque
611 2881 721 2931 suis
764 2881 985 2948 rapiunt
1026 2882 1329 2948 penetralia
1371 2882 1556 2931 sacris.

17 2969 154 3037 {iqua
193 2973 390 3024 domus
433 2975 631 3026 mansit
671 2977 964 3042 potuitque
1007 2976 1259 3027 resistere
1302 2966 1455 3027 tanto

19 3064 262 3116 ndeiecta
302 3067 464 3127 malo,
507 3068 725 3118 culmen
766 3077 950 3119 tamen
993 3070 1152 3120 altior
1192 3070 1353 3121 huius

15 3153 151 3207 Jnda
189 3160 339 3220 tegit,
382 3178 718 3229 pressaeque
760 3162 929 3213 latent
968 3163 1070 3212 sub
1113 3164 1330 3229 gurgite
1372 3172 1559 3215 turres.

1679 202 1746 250 559

1793 458 1864 485 loo

1792 926 1859 964 105

1790 1649 1860 1674 110

1785 2111 1855 2151 115

1779 2629 1852 2657 120
