1896 3405
176 709 224 750 55

174 1175 224 1213 Co

172 2656 220 2696 75

273 199 374 249 110
852 211 899 250 P.
948 207 1228 250 ovinius
1275 207 1454 249 NASO

272 357 611 422 Loricaeque
654 356 821 404 inodo
863 354 1105 420 squamis
1147 351 1403 402 defensus
1445 360 1498 402 et
1538 359 1685 403 atrae

272 451 486 500 Duritia
528 449 684 516 pellis
725 449 934 497 validos
978 456 1100 496 cute
1143 446 1382 512 reppulit
1423 446 1575 497 ictus.

272 605 349 654 At
390 622 496 653 non
540 604 738 652 duritia
780 600 1015 651 iaculum
1059 618 1282 666 quoque
1324 600 1453 650 vicit
1493 601 1705 661 eadem,

272 699 436 762 Quod
483 698 663 746 medio
707 697 883 745 lentae
924 695 1114 760 spinae
1157 694 1472 743 curvamine
1516 694 1690 745 fixum

272 791 542 847 Constitit,
586 799 638 840 et
677 798 852 839 totum
896 788 1180 837 descendit
1222 788 1273 836 in
1315 787 1404 837 ilia
1443 787 1661 840 ferrum.

273 884 368 933 Ille
411 884 598 933 dolore
642 883 796 932 ferox
837 890 1003 948 caput
1044 882 1094 930 in
1137 875 1235 931 sua
1274 890 1429 948 terga
1469 884 1700 943 retorsit,

269 977 619 1042 Vulneraque
662 976 893 1042 aspexit,
938 975 1225 1042 fixumque
1267 975 1459 1026 hastile
1489 977 1804 1037 momordit,

272 1071 445 1137 quue
488 1071 577 1119 ubi
620 1071 668 1119 vi
714 1070 883 1119 multa
925 1078 1135 1135 partem
1180 1069 1435 1121 labefecit
1475 1071 1526 1120 in
1569 1087 1809 1130 omnem,

269 1165 378 1213 Vix
419 1173 573 1228 tergo
616 1164 841 1229 eripuit3
891 1163 1092 1212 serrum
1133 1171 1316 1213 tamen
1359 1164 1576 1214 ossibus
1618 1164 1806 1215 haesit.

268 1259 408 1307 Tum
451 1275 578 1306 vero
622 1266 915 1323 postquam
959 1258 1145 1307 solitas
1188 1258 1418 1307 accessit
1457 1259 1524 1307 ad
1568 1258 1672 1308 iras

271 1352 448 1402 Causa
489 1368 691 1410 recens,
723 1351 898 1417 plenis
939 1359 1259 1401 tumuerunt
1298 1359 1519 1417 guttura
1557 1352 1736 1412 venis;

271 1446 482 1510 Iinpete
526 1462 667 1494 nunc
708 1453 861 1495 vasto
904 1462 1002 1494 ceu
1047 1445 1295 1495 concitus
1338 1445 1603 1495 imbribus
1645 1445 1819 1496 amnis

271 1540 476 1598 Fertur,
520 1548 571 1588 et
612 1539 891 1589 obstantes
933 1540 1223 1606 proturbat
1262 1548 1485 1606 pectore
1525 1540 1703 1592 silvaS.

208 1716 221 1725 ”
271 1700 430 1750 Cedit
470 1699 821 1766 Agenorides
865 1700 1109 1767 paulum,
1143 1699 1433 1766 spolioque
1474 1700 1648 1750 leonis

271 1794 513 1844 Sustinet
554 1795 819 1856 incursus,
862 1795 1228 1860 instantiaque
1271 1812 1364 1843 ora
1407 1795 1646 1845 retardat

270 1888 511 1954 Cuspide
554 1897 851 1954 praetenta.
932 1888 1086 1938 Furit
1126 1887 1213 1937 ille
1255 1895 1308 1938 et
1348 1888 1528 1937 inania
1567 1889 1705 1938 duro

269 1982 508 2031 Vulnera
550 1984 642 2032 dat
683 1983 841 2042 ferro,
885 1982 1111 2048 figitque
1154 1982 1205 2031 in
1248 1982 1500 2031 acumine
1541 1982 1751 2043 dentes,

271 2075 496 2142 Iamque
538 2077 854 2127 venenifero
897 2077 1118 2141 sanguis
1160 2093 1382 2126 manare
1424 2076 1608 2142 palato

269 2170 544 2235 Coeperat
584 2179 636 2220 et
675 2171 875 2220 virides
917 2170 1207 2237 aspergine
1247 2170 1486 2220 tinxerat
1525 2169 1738 2242 herbas.

269 2263 375 2311 Sed
420 2264 534 2312 leve
576 2263 772 2313 vulnus
815 2273 944 2323 erat,
975 2265 1104 2331 quia
1143 2281 1200 2315 se
1241 2263 1554 2314 retrahebat
1593 2264 1660 2314 ab
1702 2265 1829 2324 ictu,

270 2356 551 2423 laesaque
594 2358 734 2407 colla
774 2358 942 2408 dabat
983 2367 1125 2409 retro
1168 2358 1501 2425 plagamque
1542 2358 1732 2408 sedere

269 2450 532 2499 Cedendo
576 2451 796 2501 arcebat
837 2468 934 2501 nec
979 2452 1194 2518 longius
1238 2452 1312 2502 ire
1353 2451 1582 2511 sinebat,

271 2544 461 2592 Donec
503 2543 852 2609 Agenorides
894 2547 1204 2596 coniectum
1249 2547 1301 2596 in
1343 2554 1562 2612 gutture
1596 2546 1798 2596 ferrum

270 2637 457 2702 Usque
499 2656 733 2703 sequens
775 2640 986 2705 pressit,
1029 2641 1159 2690 dum
1203 2648 1347 2691 retro
1389 2657 1624 2707 quercus
1666 2629 1814 2690 eunti

269 2730 510 2790 Obstitit,
554 2740 606 2781 et
647 2731 757 2781 fixa
799 2741 880 2783 est
921 2734 1124 2800 pariter
1162 2751 1290 2785 curn
1332 2733 1530 2785 robore
1571 2734 1770 2784 cervix.

269 2883 415 2932 Dum
458 2885 694 2950 spatium
737 2886 911 2936 victor
951 2887 1075 2937 victi
1119 2888 1430 2939 considerat
1468 2887 1658 2947 hostiS,

268 2976 413 3026 Ecce
453 2978 548 3027 viri
592 2978 791 3028 fautrix
832 2998 1056 3045 superas
1097 2981 1324 3048 delapsa
1364 2999 1462 3049 per
1501 3000 1659 3033 auras

269 3069 440 3120 Pallas
482 3072 652 3130 adest,
697 3081 989 3139 motaeque
1029 3075 1179 3125 iubet
1218 3093 1532 3142 supponere
1572 3084 1747 3127 terrae

268 3163 534 3228 Vipereos
576 3165 782 3224 dentes,
826 3166 1017 3232 populi
1061 3167 1397 3219 incrementa
1438 3169 1616 3221 futuri.
