1950 3340
177 625 219 665 55

176 2863 223 2902 75

272 178 372 230 142
843 187 891 228 Ρ.
939 181 1220 225 0V1D1Us
1267 179 1444 222 NASO

272 340 552 391 Candidus
595 339 645 386 iu
688 335 870 385 medio
912 333 1064 382 savus
1106 338 1202 381 est.
1284 328 1466 396 Super
1505 329 1692 379 omnia
1726 330 1907 381 vultus
1935 324 1950 373 ’ἒ

271 436 568 483 Accessere
611 430 739 480 boni
784 444 881 477 nec
925 427 1063 475 iners
1106 440 1430 492 pauperque
1468 423 1738 475 voluntas,
1938 417 1944 426 ’

270 611 480 659 Interea
520 609 717 658 totiens
759 606 1013 655 haustum
1057 612 1266 654 cratera
1306 603 1503 670 repleri

269 704 478 769 Sponte
521 719 632 760 sua,
675 717 772 767 per
811 715 980 764 seque
1020 698 1208 748 vident
1247 714 1594 747 succrescere
1633 697 1773 750 vina.

267 796 502 846 Attoniti
546 796 784 844 novitate
827 800 1044 859 pavent,
1088 792 1455 858 manibusque
1495 792 1706 858 supinis

269 984 336 1034 lit
375 983 589 1032 veniam
630 981 866 1048 dapibus
908 979 1180 1046 nullisque
1221 978 1505 1046 paratibus
1545 988 1717 1031 orant.

269 1152 474 1201 Unicus
517 1167 672 1200 anser
712 1158 840 1208 erat,
884 1149 1141 1198 minimae
1183 1148 1436 1198 custodia
1474 1148 1652 1208 villae,

269 1248 448 1308 Quem
491 1245 571 1293 dis
614 1243 923 1309 hospitibus
966 1242 1175 1292 domini
1219 1250 1459 1292 mactare
1500 1242 1786 1309 parabant.

269 1338 363 1387 llle
406 1338 547 1386 celer
588 1353 767 1403 penna
806 1337 991 1386 tardos
1033 1344 1210 1386 aetate
1252 1335 1459 1401 fatigat,

271 1431 566 1496 Eluditque
609 1431 716 1488 diu,
758 1431 1093 1496 tandemque
1135 1438 1217 1480 est
1255 1431 1403 1480 visus
1445 1430 1512 1479 ad
1555 1430 1705 1496 ipsos

269 1524 591 1589 Confugisse
633 1525 781 1574 deos.
861 1525 1056 1590 Superi
1097 1532 1319 1574 vetuere
1360 1524 1572 1585 necari;

269 1706 294 1722 ‘⁴
321 1700 434 1747 l)i''
479 1717 584 1765 que
627 1704 877 1756 “sumus,
921 1699 1252 1765 meritasque
1294 1698 1406 1748 luet
1445 1698 1643 1748 vicinia
1683 1715 1891 1764 poenas

270 1792 493 1858 Impiu,'’
536 1794 807 1853 dixerunt,
851 1794 1057 1843 “vobis
1099 1793 1436 1843 immunibus
1478 1793 1638 1843 huius

271 1887 403 1936 Esse
447 1889 569 1937 mali
613 1889 845 1938 dabitur.
928 1890 1102 1939 Modo
1143 1898 1323 1940 vestra
1365 1890 1654 1957 relinquite
1695 1897 1840 1940 tecta

269 1981 352 2030 Ac
396 1991 608 2032 nostros
651 1983 908 2033 comitate
952 1984 1153 2048 gradus
1195 1993 1248 2034 et
1289 1984 1341 2034 in
1383 1984 1553 2034 ardua
1593 1983 1796 2034 montis

272 2075 349 2125 lte
391 2077 599 2127 simul.”

699 2219 893 2271 Parent
934 2221 1112 2280 ambo,
1155 2222 1477 2289 baculisque
1518 2221 1680 2272 levati

268 2312 526 2362 Nituntur
567 2313 733 2378 longo
775 2315 1005 2380 vestigia
1045 2332 1251 2381 ponere
1293 2316 1450 2367 clive.

270 2481 507 2531 Tantum
551 2483 776 2534 aberant
817 2502 1050 2544 summe,
1095 2493 1362 2552 quantum
1404 2485 1574 2535 semel
1615 2486 1691 2535 ire
1731 2483 1908 2550 sagitta

271 2574 438 2624 Missa
479 2585 686 2642 potest3
742 2577 944 2627 flexere
986 2579 1193 2638 oculos,
1236 2588 1288 2630 et
1330 2596 1507 2630 mersa
1546 2579 1749 2646 palude

271 2668 463 2718 Cetera
505 2671 861 2735 prospiciunt,
904 2680 1114 2722 tantum
1157 2690 1254 2722 sua
1294 2682 1439 2723 tecta
1479 2690 1716 2724 manere.

274 2762 529 2827 Dumque
572 2780 634 2811 ea
676 2765 953 2823 mirantur,
997 2766 1127 2815 dum
1169 2766 1374 2816 deflent
1414 2766 1523 2817 fata
1563 2782 1806 2826 suorum,

275 2854 368 2902 Illa
411 2864 581 2913 vetus,
623 2857 857 2906 dominis
899 2859 1060 2908 etiam
1104 2876 1231 2909 casa
1271 2877 1440 2926 parva
1479 2860 1698 2910 duobus

272 2947 510 2997 Vertitur
550 2949 600 2998 in
641 2951 939 3016 templum3
994 2952 1172 3001 furcas
1213 2953 1429 3003 subiere
1472 2953 1779 3014 columnae,

271 3040 541 3090 Stramina
583 3043 881 3094 flavescunt
921 3055 1220 3112 aurataque
1261 3055 1406 3097 tecta
1444 3048 1714 3106 videntur,

272 3131 638 3200 Cae-lataeque
682 3136 840 3196 fores,
883 3139 1258 3206 adopertaque
1301 3157 1576 3191 marmore
1614 3139 1791 3191 tellus.
