2003 3442
165 1067 217 1108 70

167 1592 217 1635 75

167 2113 220 2154 80

172 3163 223 3203 90

265 185 330 237 72
836 196 889 238 Ρ.
937 195 1219 239 OVIDIUS
1264 194 1441 238 NASO

263 342 423 393 Uxor
463 341 516 392 in
557 348 841 392 aeternum
881 339 1007 390 vivo
1050 339 1181 388 mihi
1222 339 1345 388 viva
1386 347 1632 405 negatur,

334 436 407 487 Et
445 436 646 485 domus
687 443 740 485 et
781 433 922 484 fidae
962 433 1144 483 dulcia
1186 433 1434 482 membra
1474 434 1691 495 domus,

263 529 533 597 Quosque
575 545 679 593 ego
722 527 891 577 dilexi
933 527 1170 576 fraterno
1213 544 1364 576 more
1412 527 1646 588 sodales,

335 624 384 675 O
428 622 559 672 mihi
602 622 816 671 Thesea
858 629 1085 687 pectora
1114 621 1299 670 iuncta
1339 620 1478 671 fide!

263 718 412 767 Dum
455 717 595 773 licet,
642 715 1364 781 amplectar—numquam
1409 714 1636 765 fortasse
1680 715 1865 767 licebit

334 810 611 877 Amplius.
694 808 756 857 In
799 808 951 857 lucro
993 815 1074 858 est
1114 825 1256 874 quae
1298 809 1457 858 datur
1497 808 1634 858 hora
1675 808 1837 860 mihi!
1863 810 1890 828 ''

262 959 377 1007 Nec
422 974 587 1015 mora,
630 955 900 1006 sermonis
939 955 1107 1004 verba
1149 955 1470 1022 imperfecta
1510 956 1778 1024 relinquo,

335 1051 727 1117 Complectens
770 1049 954 1098 animo
997 1049 1254 1115 proxima
1294 1066 1547 1116 quaeque
1590 1067 1732 1100 meo.

262 1146 412 1195 Dum
454 1144 653 1211 loquor
694 1151 746 1194 et
788 1143 999 1201 flemus,
1043 1142 1197 1192 caelo
1241 1143 1598 1193 nitidissimus
1640 1143 1768 1204 alto,

335 1239 504 1291 Stella
545 1238 723 1304 gravis
766 1238 941 1297 nobis,
986 1236 1206 1286 Lucifer
1246 1245 1397 1287 ortus
1440 1245 1566 1288 erat.

263 1389 497 1439 Dividor
537 1387 683 1438 haud
727 1387 895 1447 aliter,
939 1403 1106 1453 quam
1148 1386 1190 1436 si
1234 1403 1357 1436 mea
1398 1386 1645 1436 membra
1687 1386 1950 1455 relinquen

337 1483 407 1532 Et
448 1500 572 1548 pars
614 1481 867 1547 abrumpi
911 1497 1146 1546 corpore
1188 1480 1304 1529 visa
1343 1497 1443 1530 suo
1485 1488 1578 1530 est.

264 1577 354 1627 Sic
397 1576 571 1626 doluit
614 1576 821 1625 Mettus
863 1582 1006 1632 tunc,
1051 1590 1175 1623 cum
1220 1574 1272 1623 in
1314 1575 1585 1624 contraria
1625 1592 1813 1626 versos

338 1670 559 1721 Ultores
601 1669 793 1719 habuit
832 1668 1162 1736 proditionis
1204 1684 1394 1735 equos

263 1818 404 1867 Tum
445 1834 575 1867 vero
618 1817 864 1866 exoritur
906 1815 1114 1865 clamor
1155 1815 1506 1882 gemitusque
1549 1833 1814 1876 meorum,

339 1911 410 1962 Et
450 1911 648 1961 feriunt
690 1918 928 1960 maestae
971 1918 1197 1977 pectora
1239 1910 1384 1958 nuda
1426 1927 1634 1960 manus.

264 2006 410 2055 Tum
451 2023 581 2055 vero
624 2005 884 2063 coniunx,
951 2003 1151 2054 umeris
1214 2003 1466 2054 abeuntis
1507 2003 1813 2066 inhaerens,

340 2099 563 2149 Miscuit
603 2098 738 2148 haec
781 2098 1019 2147 lacrimis
1061 2097 1233 2147 tristia
1274 2097 1420 2148 dicta
1460 2098 1599 2149 suis:

267 2250 444 2298 “Non
487 2255 646 2314 potes
689 2246 862 2297 avelli.
945 2245 1135 2306 Simul,
1180 2245 1239 2296 a!
1289 2247 1451 2298 simul
1492 2247 1742 2309 ibimu5‚''
1785 2249 1952 2316 inquit

339 2344 466 2392 “Te
508 2359 707 2409 sequar
748 2349 801 2391 et
841 2341 1085 2390 coniunx
1126 2340 1331 2391 exsulis
1373 2341 1531 2392 exsul
1572 2360 1683 2392 ero.

268 2437 338 2487 Et
380 2436 509 2486 mihi
553 2436 694 2485 facta
733 2435 820 2485 via
861 2442 957 2485 est.
1038 2435 1109 2485 Et
1150 2453 1236 2485 me
1279 2436 1427 2502 capit
1463 2436 1653 2488 ultima
1692 2437 1869 2495 tellus.

338 2527 624 2594 Accedam
667 2528 935 2595 profugae
979 2530 1192 2579 sarcina
1231 2547 1398 2596 parva
1440 2531 1553 2581 rati.

265 2625 343 2674 Te
386 2624 536 2673 iubet
576 2641 606 2672 a
647 2623 823 2689 patria
863 2623 1146 2673 discedere
1189 2622 1438 2673 Caesaris
1481 2624 1572 2684 ira,

342 2718 434 2767 Me
477 2718 667 2784 pietas,
752 2718 927 2767 Pietas
969 2716 1105 2767 haec
1148 2716 1279 2767 mihi
1323 2716 1525 2768 Caesar
1565 2718 1748 2770 erit!’'

266 2867 420 2917 Talia
460 2866 782 2933 temptabat,
824 2866 965 2916 sicut
1003 2874 1368 2933 temptaverat
1407 2875 1545 2927 ante,

339 2961 563 3029 Vixque
606 2962 759 3011 dedit
797 2961 966 3011 victas
1009 2961 1238 3011 utilitate
1280 2978 1489 3013 manus.

269 3055 776 3122 Egredior,——sive
819 3054 950 3104 illud
994 3063 1109 3105 erat
1148 3055 1263 3104 sine
1305 3054 1493 3106 funere
1535 3055 1766 3117 ferri,—

342 3149 638 3216 Squalidus
680 3147 936 3198 immissis
977 3146 1118 3198 hirta
1157 3165 1256 3214 per
1296 3166 1392 3199 ora
1432 3150 1620 3200 comis
