2018 3400
528 202 742 245 FESTA
789 201 858 243 IN
908 200 1204 243 FALISCIS

0 373 28 412 Du
66 363 128 397 ec
168 345 325 396 facile
367 345 608 396 invenias
650 345 832 395 multis
875 344 926 393 in
969 343 1188 392 milibus
1232 360 1417 403 unum,

75 440 348 490 Virtutem
390 441 627 506 pretium
670 439 761 504 qui
805 445 962 504 putet
1001 454 1120 487 esse
1161 437 1260 486 sui.

76 550 135 584 se
175 534 358 593 decor,
401 542 545 583 recte
587 532 711 582 facti
753 532 794 581 si
838 532 1084 597 praemia
1124 532 1323 591 desint,

78 627 206 678 Non
247 634 448 688 movet,
490 634 543 677 et
583 626 748 692 gratis
790 626 1034 693 paenitet
1074 642 1192 674 esse
1235 625 1487 692 probum.

454 973 534 1015 18.
585 970 810 1013 FESTA
857 970 946 1012 ΙΝ
977 969 1307 1013 FALISCIS.

43 1142 151 1194 {um
192 1142 325 1194 mihi
365 1142 649 1211 pomiferis
691 1141 936 1192 coniunx
977 1141 1118 1192 foret
1158 1149 1277 1192 orta
1319 1141 1564 1202 Faliscis,

83 1237 308 1287 Moenia
348 1237 684 1302 contigimus
725 1236 886 1296 victa,
931 1235 1178 1295 Camille‚
1222 1235 1335 1285 tibi.

41 1413 178 1465 {asta
216 1413 532 1464 sacerdotes
573 1412 771 1463 Iunoni
815 1411 952 1462 festa
992 1411 1260 1478 parabant

84 1508 184 1558 Per
224 1507 468 1557 celebres
498 1506 658 1556 ludos
701 1506 1130 1571 indigenamque
1172 1504 1390 1556 bovem.

65 1601 232 1651 rande
275 1618 460 1650 morae
503 1600 742 1667 pretium
784 1600 916 1650 ritus
959 1616 1312 1664 cognoscere,
1358 1598 1609 1666 quamvis

28 1680 30 1691 ἶ
83 1693 337 1744 Difficilis
379 1693 530 1743 clivis
571 1693 678 1743 huc
718 1693 806 1742 via
845 1691 1075 1759 praebet
1116 1692 1236 1742 iter.

38 1863 134 1916 'tat
172 1871 328 1915 vetus
371 1871 424 1913 et
465 1863 635 1912 densa
675 1861 1031 1929 praenubilus
1075 1861 1270 1912 arbore
1312 1861 1484 1912 lucus.

0 1963 28 2044 3¹5
81 1958 320 2026 Aspice3
381 1957 654 2006 concedes
696 1956 932 2006 numinis
976 1973 1093 2006 esse
1136 1956 1337 2006 locum.

25 2049 237 2131 Accipit
276 2069 369 2101 ara
408 2067 600 2118 preces
639 2050 935 2116 votivaque
977 2058 1098 2100 tura
1138 2051 1374 2116 piorum,

83 2145 200 2196 Ara
239 2162 337 2213 per
377 2144 630 2211 antiquas
671 2143 813 2194 facta
853 2144 969 2194 sine
1011 2152 1123 2194 arte
1166 2161 1374 2195 manus,

37 2240 159 2301 Ὶυε,
201 2239 293 2290 ubi
336 2238 656 2306 praesonuit
695 2237 947 2288 sollemni
989 2238 1123 2288 tibia
1163 2245 1344 2298 cantu,

85 2333 136 2385 It
174 2350 272 2401 per
310 2333 517 2384 velatas
559 2349 739 2382 annua
779 2349 989 2399 pompa
1028 2332 1156 2383 vias,

36 2504 307 2556 Ducuntur
347 2505 537 2554 niveae
579 2502 791 2571 populo
833 2501 1130 2569 plaudente
1171 2501 1450 2564 iuvencae,

87 2596 239 2663 Quas
279 2598 412 2648 aluit
452 2597 662 2663 campis
702 2595 873 2647 herba
915 2595 1131 2646 Falisca
1170 2596 1295 2655 suis,

35 2690 88 2743 {t
124 2690 277 2742 vituli
319 2692 566 2742 nondum
606 2691 902 2742 metuenda
942 2690 1120 2741 fronte
1162 2690 1420 2751 minaces,

87 2784 160 2836 Et
198 2785 376 2836 minor
415 2802 487 2835 ex
526 2784 719 2835 humili
758 2785 982 2835 victima
1021 2801 1224 2851 porcus
1266 2784 1414 2844 hara,

35 2878 261 2946 Duxque
303 2879 484 2946 gregis
525 2896 696 2929 cornu
738 2895 836 2945 per
874 2886 1129 2945 tempora
1169 2878 1305 2928 dura
1346 2894 1605 2942 recurv03

0 3017 18 3052 ,ο
88 2972 268 3023 Invisa
307 2981 390 3024 est
428 2972 686 3023 dominae
727 2971 845 3023 sola
884 2971 1096 3039 capella
1136 2972 1289 3023 deae.

34 3064 165 3117 [llius
206 3067 405 3117 indicio
447 3066 592 3116 silvis
634 3066 851 3117 inventa
890 3065 991 3116 sub
1033 3065 1154 3116 altis

89 3160 304 3212 Dicitur
344 3161 619 3227 inceptam
661 3160 970 3211 destituisse
1011 3159 1210 3225 fugam.

1675 193 1743 239 (52)

1807 2139 1858 2168 10

1807 2714 1854 2756 Ῑ5

1803 3185 1853 3212 20
