2018 3400
492 207 609 249 IRA
655 208 834 249 IOVIS
881 208 967 248 ET
1013 207 1358 248 DILUVIUM
1704 193 1766 243 87

360 433 586 493 Iuppiter
618 433 960 478 immanitatem
998 431 1234 491 Lycaonis
1269 436 1460 476 narrat.

84 563 178 615 Ille
219 562 443 629 quidem
486 578 711 627 poenas,
753 576 939 609 curam
983 559 1123 608 hanc
1166 560 1438 618 dimittite,
1481 559 1655 610 solvit.
1815 576 1865 617 45

61 657 197 724 2uod
238 664 420 706 tamen
462 654 781 712 admissum,
825 670 966 718 quac
1007 653 1075 702 sit
1114 653 1368 711 vindicta,
1411 652 1644 702 docebo.

77 789 393 855 Contigerat
434 795 645 837 nostras
687 787 909 836 infamia
948 788 1212 853 temporis
1255 805 1438 837 aures:

58 885 211 951 2uarn
252 882 479 948 cupiens
521 881 728 941 salsam,
771 898 991 931 summo
1033 881 1261 931 delabor
1302 882 1547 948 Olympo

67 979 102 1028 :t
141 978 274 1028 deus
316 976 556 1025 humana
596 975 767 1025 lustro
810 975 911 1024 sub
955 975 1192 1040 imagine
1233 983 1418 1026 terras.

53 1054 221 1137 Longa
262 1087 415 1119 mora
455 1077 552 1128 est,
593 1077 860 1135 quantum
903 1087 1084 1118 noxae
1126 1069 1194 1119 sit
1236 1070 1441 1136 ubique
1477 1077 1771 1136 repertum,
1822 1089 1869 1130 50

50 1165 381 1215 Enumerare.
480 1163 664 1213 Minor
706 1162 804 1213 fuit
845 1163 963 1229 ipsa
1003 1163 1225 1213 infamia
1263 1180 1410 1215 vero.

47 1298 332 1349 ‘Maenala
371 1298 708 1356 transieram,
752 1297 972 1347 latebris
1013 1297 1286 1347 horrenda
1326 1298 1579 1358 serarum,

44 1392 102 1443 Et
140 1409 264 1441 cum
307 1391 536 1457 Cyllene
579 1391 744 1457 gelidi
788 1391 973 1457 pineta
1014 1391 1237 1456 Lycaei.

0 1462 278 1535 haArcados
320 1485 445 1534 hinc
487 1486 645 1535 sedes
687 1493 740 1535 et
782 1484 1059 1551 inhospita
1098 1493 1244 1535 tecta
1283 1486 1499 1551 tyranni

60 1579 329 1645 ngredior,
371 1579 649 1629 traherent
690 1596 815 1629 curn
857 1596 977 1629 sera
1018 1579 1343 1645 crepuscula
1384 1588 1622 1630 noctem.
1824 1597 1870 1639 55

73 1673 196 1739 igna
236 1673 379 1732 dedi,
422 1673 637 1723 venisse
680 1674 863 1733 deum,
905 1673 1215 1740 vulgusque
1256 1674 1468 1740 precari

78 1774 315 1833 oeperat.
397 1766 593 1816 Irridet
635 1767 813 1832 primo
856 1767 946 1832 pia
986 1775 1114 1817 vota
1156 1767 1400 1832 Lycaon,

33 1859 167 1909 Mox
207 1860 292 1919 ait,
339 1859 653 1925 ‘Experiar‚
697 1861 832 1909 deus
872 1860 975 1919 hic,
1018 1861 1331 1910 discrimine
1368 1869 1578 1928 aperto,

0 1950 17 1993 ³»
87 1970 120 2003 n
158 1954 226 2003 sit
266 1954 538 2014 mortalis;
601 1971 699 2002 nec
742 1955 842 2004 erit
882 1954 1186 2004 dubitabile
1226 1956 1451 2006 verum.’

32 2086 253 2137 “Nocte
295 2104 517 2153 gravem
560 2105 756 2136 somno
799 2088 1071 2154 necopina
1112 2090 1342 2155 perdere
1384 2097 1561 2140 morte
1816 2098 1868 2138 60

33 2180 123 2230 Me
163 2189 344 2247 parat;
405 2181 540 2230 haec
583 2182 655 2231 illi
699 2181 881 2248 placet
920 2183 1264 2249 experientia
1302 2184 1431 2234 veri.

34 2271 148 2323 Nec
189 2282 479 2325 contentus
521 2292 604 2334 eo,
649 2275 797 2325 missi
840 2276 907 2325 de
950 2284 1112 2341 gente
1156 2277 1404 2327 Molossa

33 2364 250 2418 Obsidis
292 2369 451 2418 unius
493 2368 743 2435 iugulum
786 2387 1049 2420 mucrone
1091 2371 1326 2432 resolvit,

32 2459 215 2528 Atque
257 2462 329 2512 ita
368 2463 671 2513 semineces
713 2464 911 2529 partim
953 2463 1285 2515 ferventibus
1327 2474 1474 2517 artus

34 2553 211 2605 Mollit
250 2556 422 2622 aquis,
466 2557 664 2622 partim
707 2557 957 2608 subiecto
999 2559 1196 2609 torruit
1236 2559 1365 2625 igni.
1815 2563 1866 2615 65

36 2645 187 2712 Quos
228 2649 389 2699 simul
431 2650 694 2716 imposuit
735 2652 958 2712 mensiS,
1000 2669 1105 2718 ego
1146 2653 1362 2703 vindice
1404 2653 1627 2705 flamma

33 2739 93 2790 In
131 2741 417 2793 dominum
459 2744 770 2811 dignosque
812 2746 978 2795 everti
1019 2754 1165 2797 tecta
1205 2747 1448 2797 Penates.

34 2870 322 2924 “Territus
364 2875 481 2942 ipse
526 2875 680 2941 fugit,
724 2884 1027 2944 nactusque
1068 2878 1279 2929 silentia
1320 2880 1455 2929 ruris

34 2963 308 3028 Exululat,
351 2968 658 3036 frustraque
699 2969 850 3036 loqui
893 2979 1150 3032 conatur;
1212 2973 1279 3021 ab
1322 2973 1441 3038 ipso

35 3056 252 3126 Colligit
291 3080 352 3112 os
393 3063 618 3123 rabiem,
659 3064 965 3130 solitaeque
1007 3066 1264 3131 cupidine
1307 3068 1489 3117 caedis
1811 3079 1862 3117 70

32 3132 271 3204 Vertitur
307 3155 360 3205 in
402 3157 660 3222 pecudes,
696 3164 751 3207 et
789 3174 933 3206 nunc
975 3176 1199 3224 quoque
1240 3160 1506 3225 sanguine
1547 3161 1766 3226 gaudet.
