1950 3340
345 177 438 226 138
906 186 956 226 Ρ.
1001 182 1284 226 OVIDIUS
1331 181 1508 222 NASO

729 463 805 502 14.
845 458 1235 502 DAEDALUS
1271 457 1374 499 ET
1407 456 1674 498 [CARUS.

336 618 586 663 Daedalus
605 614 1025 676 lcarusquefilius
1050 629 1081 658 a
1109 613 1242 659 Crete
1264 612 1441 658 volant.
1501 610 1674 656 Icarus
1697 611 1747 656 in
1772 625 1900 657 marc

406 757 684 807 Daedalus
727 756 932 806 interea
970 753 1167 803 Creten
1210 752 1551 818 longumque
1591 767 1822 817 perosus

336 851 605 900 Exsilium
647 858 935 915 tactusque
977 847 1083 898 loci
1127 846 1319 896 natalis
1361 861 1563 905 amore,

335 943 564 993 Clausus
602 952 714 993 erat
751 942 965 1009 pelago,
1034 940 1278 989 “Terras
1315 937 1491 999 licet‚'’
1531 938 1724 1005 inquit,
1759 942 1861 990 “et
1897 959 1901 964 ·

336 1037 625 1097 Obstruat;
681 1044 736 1087 at
775 1036 990 1086 caelum
1032 1042 1178 1084 certe
1219 1041 1382 1100 patet.
1462 1031 1672 1082 Ibimus
1714 1031 1853 1084 illae.

269 1146 287 1186 5
336 1131 534 1180 Omnia
575 1129 870 1196 possideat,
914 1146 1021 1179 non
1064 1127 1313 1195 possidet
1352 1132 1478 1176 aera
1519 1124 1755 1175 Minos.''

336 1274 504 1330 Dixit.
549 1283 601 1325 et
645 1276 858 1339 ignotas
903 1274 1147 1324 animum
1190 1272 1413 1323 dimittit
1456 1271 1509 1320 in
1550 1279 1708 1330 artes,
1943 1340 1947 1348 Ι

335 1368 708 1434 Naturamque
752 1377 930 1419 novat.
1011 1369 1153 1417 Nam
1196 1366 1352 1433 ponit
1393 1365 1446 1414 in
1489 1365 1680 1414 ordine
1722 1381 1904 1432 penna

336 1460 412 1510 Ut
452 1461 591 1510 clivo
634 1462 866 1511 crevisse
908 1470 1095 1528 putes;
1144 1461 1221 1510 sic
1263 1460 1465 1509 rustica
1505 1459 1788 1524 quondam
1907 1458 1909 1460 ’

335 1555 543 1604 Fistula
583 1555 892 1620 disparibus
935 1554 1198 1621 paulatim
1241 1553 1415 1619 surgit
1454 1552 1657 1604 avenis.

244 1656 288 1683 ¹0
332 1648 472 1698 Tum
515 1648 624 1697 lino
667 1649 873 1698 medias
915 1656 968 1699 et
1007 1649 1144 1698 ceris
1187 1647 1374 1712 alligat
1414 1647 1564 1706 imaS,

334 1740 520 1807 Atque
566 1742 636 1791 ita
676 1742 1013 1808 compositas
1054 1759 1224 1808 parvo
1267 1741 1584 1791 curvamine
1626 1740 1810 1801 flectit,

335 1835 409 1885 Ut
449 1852 601 1884 veras
643 1835 882 1885 imitetur
922 1852 1063 1885 aves.

1148 1949 1288 2000 Puer
1330 1951 1515 2001 Icarus
1557 1968 1664 2002 una

336 2041 527 2092 Stabat
568 2050 635 2101 et,
680 2043 897 2108 ignarus
939 2061 1037 2093 sua
1077 2060 1135 2094 se
1177 2052 1409 2095 tractare
1451 2045 1672 2111 pericla,

336 2136 443 2184 Ore
487 2136 749 2185 renidenti
793 2138 958 2186 modo
1001 2155 1136 2203 quas
1176 2155 1318 2204 vaga
1359 2148 1607 2190 moverat
1645 2157 1793 2201 aura,

244 2241 287 2280 ¹5
336 2229 605 2293 (japtabat
645 2229 876 2295 plumaS,
921 2230 1117 2280 flavam
1161 2233 1328 2282 modo
1370 2213 1573 2300 poilice
1614 2249 1797 2284 ceram

336 2320 600 2379 Mollibat,
645 2322 875 2389 lusuque
917 2341 1016 2374 suo
1060 2325 1306 2375 mirabile
1347 2328 1517 2393 patris

339 2414 678 2479 impediebat
719 2434 872 2482 opus,
954 2417 1254 2485 Postquam
1301 2438 1495 2471 manus
1536 2402 1728 2472 ultima
1768 2436 1917 2488 coep*

338 2506 599 2572 imposita
640 2517 735 2567 est,
779 2511 1023 2575 geminas
1065 2513 1256 2579 opifex
1298 2514 1512 2565 libravit
1553 2516 1604 2564 in
1646 2514 1757 2564 alas

339 2599 460 2663 Ipse
502 2618 659 2650 suum
702 2619 920 2669 corpus,
965 2615 1227 2673 motaque
1268 2608 1534 2674 pependit
1574 2608 1627 2657 in
1668 2624 1814 2658 aura.

241 2761 289 2788 20
339 2743 558 2794 instruit
599 2753 651 2795 et
694 2757 896 2805 natum.
943 2756 969 2774 “
994 2750 1183 2801 Medio
1206 2752 1232 2771 '’
1280 2770 1387 2819 que
1429 2757 1539 2804 “ut
1584 2753 1755 2804 limite
1795 2767 1918 2803 eurr

339 2836 534 2896 Icaress'
579 2839 667 2899 ait,
710 2846 737 2865 “
764 2860 980 2902 moneo,
1025 2862 1106 2903 ne,
1149 2846 1190 2894 si
1235 2847 1524 2896 demissior
1565 2847 1681 2906 ibis,

337 2929 496 2979 [fnda
538 2942 724 2995 gravet
766 2953 988 3000 pennas,
1030 2938 1073 2986 si
1115 2939 1326 2999 celsior,
1370 2940 1510 3006 ignis
1551 2941 1756 2990 adurat.

337 3021 426 3071 Me
469 3025 606 3075 <luce
648 3044 810 3093 carpe
852 3030 1042 3080 viam.''
1122 3032 1326 3082 Pariter
1366 3042 1664 3100 praecepta
1701 3029 1920 3083 volandi

335 3116 522 3165 Tradit
563 3128 615 3168 et
658 3120 870 3184 ignotas
912 3124 1110 3173 umeris
1153 3128 1540 3176 accommodat
1579 3127 1702 3176 alas,
