2018 3400
658 220 1037 261 PHAETHON
1621 210 1720 259 1013

67 365 196 418 ‘ssilit
233 380 396 414 omne
438 361 634 419 solum,
679 369 1042 426 penetratque
1085 362 1138 410 in
1178 363 1403 412 Tartara
1446 365 1591 414 rimis

0 463 194 552 ,usimen
235 465 287 506 et
327 455 597 505 infernum
639 463 804 504 terret
845 472 969 503 cuin
1013 456 1246 519 coniuge
1291 474 1491 521 regern.
1763 475 1839 504 220

0 535 3 547 λ
54 572 59 604 ;
95 569 238 603 mare
279 549 633 608 contrahitur,
676 549 965 614 siccaeque
1007 557 1089 598 est
1129 566 1356 615 campus
1399 551 1633 601 harenae

52 646 148 696 iod
204 644 370 694 modo
424 650 627 709 pontus
682 650 823 703 erat,
890 659 1141 708 quosque
1196 642 1366 692 altum
1421 651 1634 695 texerat

123 754 344 804 aequor,

49 833 265 883 <sistunt
306 837 520 880 montes
561 837 616 880 et
655 847 871 896 sparsas
914 829 1187 895 Cycladas
1229 838 1448 896 augent.

50 943 100 976 ia
139 932 330 992 petunt
370 924 564 990 pisces,
607 941 707 973 nec
749 941 805 973 se
847 941 1013 989 super
1054 942 1295 990 aequora
1335 924 1483 974 curvi

0 1019 189 1115 *ntffleoe
229 1026 520 1068 consuetas
562 1019 765 1067 audent
806 1018 1093 1084 delphines
1136 1018 1189 1066 in
1230 1035 1404 1068 auras.
1757 1035 1833 1078 225

0 1107 2 1111 ’
45 1130 226 1180 )rpora
265 1112 571 1178 phocarum
612 1129 830 1161 summo
874 1112 1130 1177 resupina
1170 1112 1446 1177 profundo

44 1207 304 1256 ‚animata
344 1214 547 1256 natant.
630 1205 820 1271 Ipsum
863 1223 1086 1271 quoque
1127 1206 1307 1255 Nerea
1348 1206 1491 1255 fama
1531 1213 1614 1257 est

74 1300 293 1365 ridaque
335 1308 387 1349 et
430 1307 581 1349 natas
623 1300 822 1365 tepidis
865 1299 1084 1349 latuisse
1127 1300 1227 1349 sub
1270 1301 1450 1349 antris.

41 1410 83 1442 tr
121 1393 410 1458 Neptunus
454 1393 608 1459 aquis
651 1410 773 1441 cum
818 1400 975 1442 torvo
1018 1392 1276 1442 bracchia
1314 1393 1464 1442 vultu

71 1503 241 1536 serere
283 1504 445 1535 ausus
487 1495 630 1547 erat,
686 1495 767 1537 ter
809 1504 918 1536 non
959 1487 1082 1537 tulit
1122 1487 1258 1536 a'eris
1300 1487 1468 1552 ignes.
1756 1498 1833 1540 230

39 1626 140 1676 lma
178 1633 359 1676 tamen
400 1627 600 1687 Tellus,
644 1635 702 1677 ut
743 1635 858 1677 erat
899 1627 1237 1677 circumdata
1278 1636 1466 1693 ponto,

47 1727 122 1770 ter
160 1737 326 1786 aquas
369 1721 550 1787 pelagi
594 1729 1018 1787 contractosque
1062 1722 1304 1787 undique
1353 1721 1546 1781 fontes,

60 1813 205 1864 stulit
247 1831 546 1881 oppressos
589 1815 731 1864 collo
776 1823 934 1865 tenus
978 1816 1127 1864 arida
1167 1815 1363 1874 vultus,

34 1909 360 1975 pposuitque
402 1926 625 1957 manum
667 1908 848 1969 fronti,
893 1926 1206 1974 magnoque
1249 1917 1486 1958 tremore

0 2003 173 2053 Jmnia
211 2004 531 2053 concutiens
573 2004 798 2069 paulum
840 2004 1088 2053 subsedit
1129 2011 1181 2052 et
1223 2003 1357 2052 infra
1754 2015 1829 2058 235

37 2115 153 2148 uam
194 2099 334 2150 solet
373 2117 507 2159 esse,
551 2098 677 2160 fuit3
728 2099 983 2165 siccaque
1027 2099 1100 2148 ita
1143 2115 1279 2148 voce
1322 2098 1504 2148 locuta
1545 2106 1653 2148 est:

31 2239 77 2291 Si
111 2241 288 2308 placet
324 2242 444 2301 hoc,
485 2243 785 2309 meruique,
826 2243 956 2309 quid
997 2242 1045 2292 O
1083 2249 1176 2291 tua
1215 2240 1442 2290 fulmina
1479 2247 1707 2298 cessant,

0 2336 197 2385 ³Jmme
237 2337 438 2387 deum?
518 2337 706 2387 Liceat
747 2337 1020 2403 periturae
1060 2336 1265 2385 viribus
1308 2335 1445 2400 ignis

29 2438 108 2492 gne
148 2431 322 2496 perire
362 2440 475 2490 tuo,
520 2431 844 2497 clademque
887 2440 1108 2480 auctore
1150 2430 1344 2479 levare.

32 2520 84 2570 ix
122 2525 375 2590 equidem
418 2525 602 2575 fauces
644 2525 780 2574 haec
824 2526 941 2591 ipsa
983 2525 1034 2573 in
1076 2524 1243 2573 verba
1284 2523 1496 2572 resolvo
1522 2522 1635 2556 ’'—
1754 2538 1829 2576 240

27 2625 242 2667 :esserat
282 2635 377 2667 ora
416 2624 922 2684 vapor—“tostos
965 2636 1030 2667 en
1073 2619 1256 2684 aspice
1299 2618 1489 2675 crines,

27 2691 146 2773 ’.que
185 2711 357 2761 oculis
398 2719 630 2772 tantum,
671 2720 884 2763 tanturn
926 2729 1091 2778 super
1131 2729 1226 2760 ora
1268 2710 1493 2760 favillae.

25 2793 164 2898 §osne
203 2804 334 2854 mihi
375 2805 599 2865 fructus,
642 2806 788 2856 hunc
829 2806 1115 2856 fertilitatis
1157 2805 1424 2854 honorem

25 2893 261 2970 efficiique
302 2899 484 2958 refers,
526 2901 677 2966 quod
720 2900 917 2952 adunci
954 2899 1180 2949 vulnera
1221 2898 1379 2947 aratri

23 2994 404 3062 ¹¹²‹strorumque
445 2992 560 3043 fero
600 2978 832 3060 totoque
875 3010 1139 3042 exerceor
1180 3008 1338 3049 anno,
1749 2991 1825 3034 245

0 3074 139 3156 ῑιέιοό
178 3086 362 3149 pecori
405 3086 642 3147 frondes,
685 3088 1055 3152 alimentaque
1098 3086 1263 3142 mitia,
1307 3083 1489 3148 fruges

33 3189 230 3250 cnnano
271 3180 472 3243 generi,
513 3181 670 3230 vobis
709 3198 933 3247 quoque
974 3188 1095 3229 tura
1136 3178 1416 3227 ministro?

40 3355 55 3400 ἐ
