1966 3421
273 186 377 235 122
849 200 898 241 Ρ.
945 199 1226 241 OVIDIUS
1273 199 1451 242 NASO

912 458 989 497 11.
1040 455 1270 496 PERSE
1281 456 1372 496 [JS.

671 591 820 637 Atlas
843 606 874 635 a
898 590 1070 634 Perseo
1095 589 1143 633 in
1170 595 1366 634 montem
1395 591 1611 636 vertitur.

343 719 567 787 Viperei
610 718 848 768 referens
889 717 1129 784 spolium
1173 718 1531 767 memorabile
1574 721 1803 770 monstri

272 814 422 864 Aera
463 812 724 879 carpebat
765 812 992 860 Perseus
1034 811 1392 861 stridentibus
1434 812 1547 863 alis.

276 906 529 972 Cumque
571 923 737 971 super
778 904 1016 970 Libycas
1056 905 1232 954 vietor
1274 906 1544 971 penderet
1582 906 1834 969 harenas,

275 999 553 1065 Gorgonei
597 999 790 1065 eapitis
833 1006 1020 1064 guttae
1062 999 1313 1048 cecidere
1356 1008 1644 1063 eruentae3

208 1116 227 1152 ς
275 1094 426 1159 Quas
468 1093 667 1143 humus
710 1102 974 1159 exceptas
1015 1094 1195 1143 varios
1237 1094 1500 1144 animavit
1540 1095 1593 1144 in
1634 1113 1857 1162 angues.

274 1188 436 1237 Unde
479 1187 734 1253 frequens
776 1187 866 1236 illa
905 1195 987 1236 est
1028 1187 1335 1253 infestaque
1376 1196 1518 1238 terra
1560 1189 1815 1241 colubris.

275 1343 504 1410 Iamque
546 1344 775 1393 cadente
818 1344 925 1405 die,
964 1343 1168 1393 veritus
1210 1361 1267 1392 se
1309 1344 1533 1393 eredere
1575 1344 1739 1404 noeti,

276 1438 534 1488 Constitit
576 1438 868 1504 Hesperio,
913 1438 1094 1503 regnis
1136 1435 1398 1497 Atlantis,
1442 1438 1495 1487 in
1536 1438 1698 1499 orbe;

277 1532 666 1598 Exiguamque
710 1532 847 1598 petit
888 1532 1151 1597 requiem,
1195 1532 1327 1580 dum
1370 1531 1591 1581 Lucifer
1631 1532 1786 1597 ignes

163 1653 210 1680 10
277 1627 488 1676 Evocet
527 1624 797 1685 Aurorae,
842 1643 1032 1675 currus
1073 1624 1298 1675 Aurora
1338 1626 1580 1677 diurnos.

272 1781 381 1831 Hie
423 1781 710 1831 hominum
754 1789 984 1831 cunctos
1027 1782 1233 1847 ingenti
1278 1799 1511 1848 corpore
1552 1790 1838 1848 praestans

270 1876 643 1942 Iapetionides
685 1875 844 1925 Atlas
887 1875 1000 1925 fuit.
1082 1875 1292 1925 Ultima
1332 1875 1491 1925 tellus

269 1971 423 2036 Rege
464 1970 565 2020 sub
608 1970 714 2019 hoe
757 1978 810 2020 et
850 1978 1054 2036 pontus
1096 1977 1227 2029 erat,
1271 1969 1364 2036 qui
1407 1968 1551 2020 Solis
1592 1968 1800 2020 anhelis

268 2064 535 2131 Aequora
575 2065 762 2114 subdit
803 2064 958 2130 equis
1000 2071 1054 2114 et
1094 2063 1268 2113 fessos
1310 2063 1521 2130 exeipit
1561 2081 1709 2114 axes.

269 2159 421 2209 Mille
467 2176 662 2225 greges
705 2158 776 2207 illi
817 2158 1164 2224 totidemque
1207 2165 1456 2207 armenta
1495 2174 1594 2224 per
1634 2156 1833 2207 herbas

270 2254 569 2314 Errabant;
620 2260 673 2303 et
714 2252 947 2302 humum
988 2252 1188 2302 vicinia
1229 2251 1378 2300 nulla
1417 2250 1759 2318 premebant.

267 2347 556 2418 Arboreae
598 2347 819 2396 frondes
862 2363 995 2396 auro
1038 2346 1284 2396 radiante
1324 2345 1562 2395 virentes

269 2441 358 2491 Ex
398 2459 532 2491 auro
574 2458 772 2500 ramos,
816 2458 887 2489 ex
929 2457 1062 2489 auro
1105 2456 1274 2505 poma
1313 2438 1590 2504 tegebant.

269 2595 595 2664 “Hospes,”
639 2596 713 2646 ait
754 2595 980 2644 Perseus
1023 2593 1113 2652 illi,
1147 2597 1292 2642 “seu
1336 2592 1511 2658 gloria
1549 2592 1726 2658 tangit

171 2693 345 2751 offTe
387 2691 601 2757 generis
644 2689 846 2755 magni,
891 2687 1106 2754 generis
1149 2686 1281 2736 mihi
1325 2685 1578 2752 Iuppiter
1617 2693 1837 2748 auetor;

90 2761 132 2779 ψ

270 2786 395 2837 Sive
438 2802 494 2834 es
538 2784 762 2833 mirator
803 2798 1000 2841 rerum,
1045 2779 1315 2830 mirabere
1357 2787 1586 2830 nostras,

1303 2873 1523 2923 Memor
1564 2872 1654 2922 ille
1693 2880 1902 2924 vetusta
1959 2911 1962 2926 .

1193 2874 1220 2893 5)

271 2879 592 2945 Hospitium
636 2877 996 2944 requiemque
1038 2883 1186 2942 peto.

267 2972 446 3024 Sortis
488 2980 632 3033 erat3
685 2971 912 3021 Themis
953 2969 1094 3019 hanc
1137 2969 1364 3019 dederat
1405 2967 1660 3018 Parnasia
1700 2975 1901 3018 sortem

275 3067 519 3134 Tempus,
560 3065 709 3124 Atla,
751 3064 937 3123 veniet,
979 3072 1076 3113 lua
1115 3080 1216 3128 quo
1254 3061 1579 3129 spoliabitur
1611 3078 1742 3111 auro

180 3174 227 3215 25
268 3160 467 3220 Arbor,
508 3167 559 3209 ct
598 3158 736 3208 llum
763 3157 1000 3223 praedae
1040 3156 1262 3206 titulum
1302 3155 1429 3205 Iove
1465 3163 1628 3205 natus
1665 3153 1890 3206 habebit.
1927 3142 1930 3169 ³
