1982 3432
150 1205 198 1247 25

148 1766 199 1807 30

148 2301 196 2342 35

147 2836 199 2872 40

251 212 318 265 68
827 226 876 268 P.
917 224 1202 269 ovimus
1250 225 1427 268 NASO

250 371 394 421 Nam
439 372 608 420 modo
654 388 935 437 purpureo
976 370 1117 419 vires
1159 369 1308 435 capit
1351 369 1533 419 Eurus
1573 369 1642 419 ab
1683 378 1823 431 ortu,

322 465 483 513 Nune
525 464 813 530 Zephyrus
855 480 976 512 sero
1018 480 1249 529 vespere
1293 463 1492 512 missus
1534 464 1705 524 adest,

248 558 410 608 Nunc
451 558 597 607 sicca
638 557 850 622 gelidus
892 557 1094 606 Boreas
1136 556 1435 606 bacchatur
1475 556 1544 606 ab
1584 556 1778 619 Arcto,

321 652 482 701 Nunc
523 651 703 700 Notus
745 651 973 700 adversa
1013 650 1222 717 proelia
1264 650 1440 701 fronte
1483 650 1637 716 gerit.

249 827 454 877 Rector
494 827 546 876 111
590 827 798 876 11166110
841 834 937 886 651,
980 843 1081 875 1166
1123 826 1255 892 quid
1298 825 1538 891 fugiatve
1580 834 1801 893 petatve

320 920 561 979 Invenit;
612 920 883 984 ambiguis
926 937 1009 968 ars
1051 927 1238 985 stupet
1277 918 1399 986 ipsa
1439 920 1611 971 malis.

247 1014 468 1064 Scilicet
509 1014 831 1073 occidimus,
875 1030 975 1062 nec
1016 1030 1143 1079 spes
1184 1021 1267 1063 est
1307 1014 1416 1063 ulla
1455 1014 1659 1074 salutis,

319 1108 581 1174 Dumque
623 1107 838 1173 loquor,
880 1107 1060 1156 vultus
1102 1107 1287 1158 obruit
1328 1109 1476 1157 unda
1516 1125 1685 1159 meos,

246 1201 542 1268 Opprimet
583 1201 722 1250 113116
765 1201 1004 1250 31111113111
1048 1200 1263 1259 fluctus,
1307 1200 1617 1268 frustraque
1658 1201 1903 1269 precanti

321 1294 432 1346 Ore
475 1303 762 1345 necaturas
805 1295 1143 1362 accipiemus
1184 1312 1370 1362 aquas,

243 1464 323 1515 At
363 1466 454 1532 pia
496 1465 567 1514 nil
610 1465 756 1514 aliud
800 1481 966 1531 quam
1011 1482 1097 1514 me
1141 1464 1293 1515 dolet
1333 1465 1523 1514 exsule
1565 1464 1839 1526 coniunx;

318 1559 443 1609 Hoc
486 1576 655 1609 unum
699 1559 866 1608 nostri
910 1559 1122 1625 scitque
1164 1559 1446 1625 gemitque
1488 1558 1632 1609 mali.

242 1653 434 1703 Nescit
476 1654 524 1702 in
571 1654 842 1703 immenso
887 1653 1072 1702 iactari
1115 1670 1352 1719 corpora
1392 1661 1583 1720 ponto,

316 1747 507 1797 Nescit
548 1747 634 1812 agi
676 1747 869 1807 ventis,
914 1747 1086 1797 nescit
1127 1747 1319 1796 adesse
1361 1763 1568 1797 necem.

244 1840 294 1892 O
336 1841 493 1901 bene,
536 1841 687 1907 quod
731 1858 840 1890 non
883 1858 1002 1890 sum
1045 1857 1262 1890 mecum
1305 1841 1677 1890 conscendere
1718 1857 1928 1907 passus,

315 1935 400 1985 Ne
444 1935 575 1985 mihi
620 1952 768 1985 mors
811 1935 1010 1985 misero
1052 1935 1135 1984 bis
1176 1934 1437 2001 patienda
1478 1933 1646 1984 foret!

242 2101 321 2153 At
362 2118 522 2161 nune,
566 2108 625 2151 ut
665 2116 905 2167 peream,
949 2099 1213 2166 quoniam
1255 2105 1403 2148 caret
1443 2097 1532 2146 illa
1571 2096 1796 2164 periclo,

316 2196 564 2246 Dimidia
605 2203 752 2245 certe
794 2202 950 2261 parte
992 2199 1269 2259 superstes
1310 2209 1419 2242 ero.

244 2291 310 2340 Ei
353 2290 502 2350 mihi,
546 2306 712 2356 quam
756 2288 917 2338 celeri
961 2287 1270 2336 micuerunt
1310 2284 1499 2334 nubila
1539 2283 1790 2334 flamma!

317 2384 572 2451 Quantus
603 2383 671 2433 ab
702 2382 947 2433 aetherio
990 2387 1250 2447 personat
1290 2396 1394 2429 axe
1435 2378 1647 2443 fragor!

243 2479 360 2528 Nec
403 2478 574 2541 levius
617 2478 848 2527 laterum
890 2475 1111 2526 tabulae
1153 2473 1419 2523 feriuntur
1460 2472 1528 2522 ab
1570 2472 1748 2532 undis,

317 2572 500 2638 Quam
532 2588 695 2637 grave
724 2569 972 2621 ballistae
1014 2567 1233 2618 moenia
1272 2566 1454 2633 pulsat
1493 2583 1648 2616 onus.

243 2734 361 2784 Nec
404 2735 573 2785 letum
615 2735 799 2784 timeo.
880 2731 1069 2783 Genus
1109 2738 1192 2781 est
1232 2725 1541 2779 miserabile
1581 2726 1689 2777 leti.

318 2829 539 2878 Demite
581 2827 944 2893 naufragium,
988 2843 1134 2875 mors
1177 2823 1310 2874 mihi
1353 2838 1551 2873 munus
1593 2821 1709 2872 erit.

246 2922 345 2973 Est
385 2921 607 2989 aliquid,
651 2921 832 2971 fatove
873 2938 973 2970 suo
1016 2919 1227 2969 ferrove
1268 2918 1557 2968 cadentem

319 3016 380 3066 In
423 3016 599 3066 solida
640 3015 879 3065 moriens
921 3030 1128 3080 ponere
1169 3029 1371 3079 corpus
1412 3010 1602 3070 humo,

246 3110 318 3160 Et
358 3110 618 3160 mandare
659 3109 770 3159 suis
813 3108 995 3174 aliqua
1036 3115 1089 3157 et
1129 3122 1349 3173 sperare
1391 3103 1746 3171 sepulchrum

320 3204 391 3254 Et
432 3221 540 3253 non
583 3202 872 3270 aequoreis
916 3201 1159 3268 piscibus
1201 3217 1319 3249 esse
1361 3199 1564 3248 eibum.
