2018 3400
572 237 865 279 MUNDUS
914 236 952 277 12
999 234 1179 277 CHAO
1683 221 1745 270 81

100 384 267 434 minet
306 381 388 432 his
429 387 548 441 a'er;
600 380 710 446 qui,
753 387 1086 446 quanto-est
1127 379 1371 445 pondere
1413 387 1587 428 terrae

63 477 225 527 Jndus
267 492 440 541 aquae
481 474 668 533 levius,
711 482 863 524 tanto
906 482 987 522 est
1028 473 1311 521 onerosior
1353 472 1478 536 igni.

62 571 126 621 lic
167 577 219 619 et
260 568 502 627 nebulas,
548 567 653 616 illic
695 567 992 616 consistere
1035 566 1207 615 nubes

0 712 2 729 ,
59 664 183 722 ussit,
225 670 278 712 et
317 662 584 711 humanas
627 669 844 710 motura
883 661 1124 710 tonitrua
1166 668 1377 709 mentes
1794 673 1838 714 55

59 766 78 808 t
116 773 239 806 cum
282 755 597 805 fulminibus
640 753 897 803 facientes
940 754 1142 819 frigora
1181 762 1390 804 ventos.

58 852 109 901 vis
151 866 371 916 quoque
414 866 522 898 non
564 849 769 915 passim
813 849 1002 897 mundi
1047 847 1341 897 fabricator
1381 847 1701 898 habendum

61 951 147 994 e'ra
187 943 449 1010 permisit.
527 941 640 991 Vix
682 959 826 990 nunc
869 941 1152 991 obsistitur
1193 942 1310 1000 illis,

54 1054 140 1087 um
182 1054 277 1086 sua
319 1036 552 1102 quisque
596 1044 785 1100 regant
827 1037 1043 1084 diverso
1087 1035 1308 1084 flamina
1348 1044 1541 1095 tractu,

59 1130 145 1180 uin
187 1129 389 1179 lanient
430 1129 727 1190 mundum3
781 1137 933 1179 tanta
974 1137 1055 1179 est
1096 1129 1374 1178 discordia
1415 1129 1656 1178 fratrum.
1784 1140 1837 1180 60

51 1308 173 1341 urus
214 1290 281 1340 ad
322 1307 574 1339 auroram
616 1289 1014 1356 Nabataeaque
1058 1308 1226 1355 regna
1268 1290 1490 1339 recessit

48 1385 323 1450 ersidaque
366 1392 419 1434 et
460 1384 621 1433 radiis
664 1383 792 1448 iuga
833 1383 1055 1432 subdita
1097 1384 1392 1434 matutinis,

49 1495 203 1545 esper
242 1485 295 1527 et
335 1478 570 1526 occiduo
614 1494 755 1543 quae
797 1476 956 1526 litora
997 1477 1112 1526 sole
1153 1485 1458 1543 tepescunt,

63 1571 247 1621 oxima
286 1579 412 1621 sunt
450 1570 728 1637 Zephyro.
809 1570 1096 1636 Scythiam
1139 1579 1464 1637 septemque
1503 1573 1707 1621 triones

57 1665 241 1714 orrifer
282 1665 474 1714 invasit
514 1665 733 1714 Boreas.
816 1664 1102 1714 Contraria
1141 1665 1300 1714 tellus
1781 1674 1832 1726 65

52 1757 245 1807 ubibus
286 1758 528 1807 adsiduis
570 1757 871 1824 pluvioque
915 1758 1180 1808 madescit
1224 1759 1291 1807 ab
1333 1759 1561 1811 Austro,

41 1919 146 1969 'aec
185 1937 351 1986 super
391 1920 655 1984 imposuit
698 1920 969 1986 liquidum
1012 1929 1065 1971 et
1107 1922 1372 1986 gravitate
1415 1931 1693 1971 carentem

49 2011 231 2062 ethera
271 2030 369 2062 nec
411 2013 711 2079 quicquam
751 2021 1000 2064 terrenae
1043 2014 1208 2062 faecis
1250 2013 1564 2064 habentem.

45 2173 99 2223 ix
136 2173 209 2225 ita
248 2174 510 2225 limitibus
551 2177 923 2242 dissaepserat
963 2178 1148 2226 omnia
1188 2178 1363 2237 certis,

43 2282 146 2327 um,
188 2284 327 2334 quae
368 2286 556 2335 pressa
597 2270 688 2319 diu
732 2287 912 2319 massa
953 2270 1158 2320 latuere
1199 2271 1301 2320 sub
1343 2271 1447 2330 illa,
1774 2294 1828 2338 70

36 2358 180 2410 idera
217 2371 520 2428 coeperunt
558 2370 677 2413 toto
719 2364 1075 2413 effervescere
1117 2364 1287 2416 caelo.

36 2453 110 2502 'eu
150 2456 299 2520 regio
341 2455 481 2506 foret
521 2457 629 2506 ulla
669 2457 779 2506 suis
821 2458 1189 2507 animantibus
1230 2459 1382 2519 orba,

35 2553 154 2596 „stra
190 2555 377 2598 tenent
418 2549 652 2600 caeleste
693 2551 871 2600 solum
913 2550 1233 2617 formaeque
1276 2553 1524 2613 deorum,

43 2649 281 2691 esserunt
320 2642 502 2692 nitidis
542 2642 874 2693 habitandae
915 2645 1159 2711 piscibus
1200 2646 1399 2706 undae,

34 2715 159 2782 ferra
195 2732 333 2784 feras
374 2736 534 2802 cepit,
576 2736 829 2787 volucres
870 2738 1142 2803 agitabilis
1184 2744 1289 2791 ae'r.
1772 2755 1820 2797 75

35 2893 238 2945 anctius
278 2895 361 2946 his
402 2898 601 2948 animal
644 2900 952 2965 mentisque
995 2900 1252 2966 capacius
1294 2900 1434 2951 altae

31 2987 192 3037 >eerat
230 2989 425 3050 adhue,
467 2999 521 3041 et
560 2993 710 3057 quod
753 2993 1024 3042 dominari
1067 2994 1119 3042 in
1161 3002 1343 3044 cetera
1381 3001 1581 3059 posset.

5 3074 167 3140 ‚Jatus
205 3079 374 3132 horno
416 3091 523 3134 est:
574 3086 686 3134 sive
727 3085 873 3134 hunc
915 3086 1101 3135 divino
1143 3080 1350 3136 semine
1391 3087 1519 3138 fecit

7 3207 14 3217 .
46 3167 93 3218 le
130 3172 316 3238 opifex
356 3192 553 3235 rerum,
596 3178 787 3227 mundi
829 3178 1069 3228 melioris
1109 3180 1297 3244 origo;
