2018 3400
687 173 897 214 NIOBE
1563 166 1664 216 1:33

31 317 150 368 enia
190 333 315 366 cum
358 315 578 382 populis
617 332 647 364 a
689 332 887 381 meque
928 315 1156 381 viroque
1195 326 1471 381 reguntur.
1715 336 1760 376 25

32 426 439 477 quamcumque
482 410 681 458 domus
723 409 930 458 adverti
974 408 1179 458 lumina
1220 419 1449 475 partem,

30 519 234 554 nensae
275 510 595 568 spectantur
636 519 788 568 opes.
868 501 1108 551 Accedit
1148 504 1346 552 eodem

29 613 111 662 [na
151 598 253 646 dea
282 596 462 646 facies.
544 595 672 645 Huc
715 604 868 645 natas
911 596 1065 645 adice
1106 605 1319 662 septem

38 690 265 741 totidem
308 690 548 750 iuvenes,
591 697 645 739 et
686 706 819 738 mox
861 706 1204 756 generosque
1247 708 1540 758 nurusque.

26 845 236 903 {uaerite
278 861 439 903 nunc,
472 843 674 894 habeat
714 861 881 910 quam
925 852 1111 893 nostra
1139 845 1397 910 superbia
1427 863 1665 905 causam,
1716 877 1762 916 30

26 938 129 988 scio
170 955 393 1005 quoque
435 938 632 987 audete
674 946 848 987 satam
890 936 1148 987 Titanida
1196 938 1348 987 Coeo

25 1049 195 1082 :onam
238 1031 511 1098 praeferre
554 1031 699 1080 mihi.
774 1031 923 1080 Vero
967 1031 1055 1080 illa
1095 1032 1330 1081 duorum

25 1133 95 1176 :ta
133 1142 358 1192 parens;
407 1125 576 1191 prolis
618 1142 743 1191 pars
785 1124 920 1174 llaec
962 1133 1044 1175 est
1083 1126 1318 1191 septima
1359 1134 1593 1177 nostrae.

25 1236 63 1269 n
102 1219 459 1286 felix—quis
497 1219 643 1268 enirn
682 1227 846 1283 neget
883 1218 1374 1285 hoc?—felixque
1418 1220 1665 1269 manebo.

23 1330 61 1363 ·c
99 1330 322 1380 quoque
364 1313 486 1380 quis
528 1312 777 1363 dubitet?
855 1312 1056 1362 Tutam
1101 1329 1187 1361 me
1229 1312 1391 1379 copia
1432 1312 1574 1363 fecit.
1712 1338 1762 1378 35

45 1482 158 1533 aior
196 1499 335 1541 sum,
379 1498 545 1548 quam
588 1481 675 1530 cui
717 1481 892 1547 possit
934 1481 1177 1531 Fortuna
1218 1498 1444 1541 nocere;

36 1576 215 1643 ltaque
258 1584 317 1626 ut
357 1576 568 1642 eripiat,
613 1574 786 1625 multo
831 1574 962 1623 mihi
1005 1575 1162 1641 plura
1205 1575 1488 1641 relinquet.

25 1687 233 1721 cessere
275 1679 484 1721 metum
527 1688 649 1720 mea
691 1671 796 1720 iam
839 1671 998 1719 bona.
1082 1670 1298 1735 Fingite
1341 1672 1486 1720 demi

31 1764 90 1815 ic·
117 1764 320 1831 aliquid
361 1764 573 1831 populo
617 1773 870 1815 natorum
914 1782 1079 1831 posse
1123 1782 1388 1825 meorum,

24 1879 56 1912 n
94 1870 276 1913 tamen
319 1864 386 1914 ad
429 1881 719 1914 numerum
763 1864 980 1929 redigar
1022 1862 1257 1930 spoliata
1298 1864 1550 1922 duorum,
1714 1883 1765 1919 40

36 1964 170 2006 onae
210 1958 457 2017 turbam3
510 1976 618 2024 qua
660 1966 929 2024 quantum
971 1958 1136 2007 distat
1177 1957 1244 2006 ab
1287 1957 1455 2006 orba?

20 2088 30 2108 ,
69 2051 211 2111 satis,
253 2059 566 2119 properate,
609 2052 746 2102 sacri
789 2059 897 2112 est3
949 2051 1274 2117 laurumque
1316 2050 1525 2116 capillis

19 2142 166 2203 nite.”

251 2239 574 2307 Deponunt,
619 2239 931 2306 infectaque
972 2257 1127 2289 sacra
1169 2238 1497 2304 relinquunt,

18 2331 211 2399 [odque
251 2332 394 2393 licet,
436 2334 603 2384 tacito
644 2341 974 2384 venerantur
1015 2349 1293 2382 murmure
1334 2348 1552 2381 numen.

29 2586 173 2645 pollo,
197 2589 419 2648 querellis
443 2589 660 2635 Latonae
682 2595 851 2647 motus,
877 2605 1032 2636 omnes
1040 2589 1426 2651 filiosfilz'asque
1449 2589 1626 2635 lViobes

702 2677 882 2737 perdit.

42 2796 298 2862 ndignata
338 2799 442 2849 dea
482 2807 579 2859 est,
621 2818 953 2867 summoque
995 2801 1047 2850 in
1088 2800 1290 2850 vertice
1333 2800 1536 2865 Cynthi
1715 2821 1765 2862 45

17 2885 160 2940 libus
200 2899 281 2942 est
320 2892 479 2943 dictis
521 2893 742 2958 gemina
780 2910 906 2943 cum
947 2893 1101 2960 prole
1143 2893 1355 2943 locuta:

17 3039 76 3091 En
113 3060 217 3110 ego
256 3055 436 3097 vestra
476 3065 690 3114 parens,
731 3047 889 3097 vobis
931 3048 1177 3096 animosa
1216 3046 1427 3105 creatis,

18 3168 30 3190 ›
67 3135 165 3186 nisi
205 3137 419 3200 Iunoni,
461 3140 592 3189 nulli
634 3157 855 3190 cessura
893 3141 1139 3199 dearum,
