2003 3447
335 197 403 250 74
916 209 964 249 P.
1031 208 1316 251 ovloius
1364 209 1540 251 NAso

335 356 462 405 Hoc
503 363 693 405 tenuat
732 356 954 404 dentem
996 360 1195 403 terram
1239 353 1550 402 renovantis
1592 353 1770 414 aratri,

406 449 535 498 Hoc
577 449 779 513 rigidas
821 448 1014 505 silices,
1058 446 1163 495 hoc
1207 446 1498 495 adamanta
1537 447 1676 497 terit.

241 559 286 599 15
336 542 464 592 Hoc
505 542 670 592 etiam
713 558 902 590 saevas
945 539 1208 606 paulatim
1252 540 1467 604 mitigat
1508 540 1628 599 iras,

406 635 532 684 Hoc
576 635 770 684 minuit
811 634 989 682 luctus
1032 643 1351 698 maestaque
1394 633 1562 682 corda
1603 633 1761 684 levat.

333 763 548 813 Cuncta
588 770 772 828 potest
814 762 978 826 igitur
1018 761 1184 811 tacito
1227 762 1370 828 pede
1412 761 1565 827 lapsa
1603 770 1844 813 vetustas

404 857 792 922 Praeterquam
835 872 992 904 curas
1033 863 1325 904 attenuare
1357 872 1523 905 meas.

332 951 408 1001 Ut
449 950 625 1016 patria
665 967 843 1008 careo,
889 949 968 998 bis
1011 948 1258 1014 frugibus
1300 966 1426 998 area
1466 949 1591 999 trita
1631 957 1727 1010 est,

239 1072 287 1099 20
404 1044 656 1093 Dissiluit
698 1043 845 1092 nudo
889 1060 1077 1109 pressa
1117 1042 1199 1091 bis
1241 1060 1346 1092 uva
1387 1044 1546 1109 pede.

331 1174 449 1223 Nee
493 1173 742 1239 quaesita
781 1180 966 1222 tamen
1009 1172 1188 1238 spatio
1231 1173 1495 1238 patientia
1535 1172 1704 1238 longo
1746 1179 1844 1233 est,

407 1268 679 1334 Mensque
723 1266 849 1316 mali
890 1283 1112 1316 sensum
1155 1274 1339 1316 nostra
1369 1267 1599 1316 recentis
1640 1265 1823 1318 habet.

334 1362 582 1428 Corpore
625 1361 721 1411 sed
764 1378 917 1410 mens
959 1368 1040 1410 est
1080 1377 1247 1425 aegro
1290 1360 1465 1426 magis
1507 1377 1686 1426 aegra,
1730 1359 1967 1428 maliquae

408 1456 469 1506 In
512 1456 917 1522 circumspectu
960 1462 1065 1504 stat
1105 1455 1220 1503 sine
1263 1453 1369 1504 fine
1410 1454 1511 1504 sui.

241 1605 288 1644 25
335 1586 501 1638 Urbis
544 1585 700 1635 abest
740 1583 934 1644 facies;
985 1583 1200 1642 absunt,
1245 1601 1367 1633 mea
1407 1601 1553 1643 cura,
1595 1583 1843 1644 sodales;

410 1680 481 1730 Et
521 1697 630 1746 qua
672 1679 819 1729 nulla
861 1678 990 1727 mihi
1033 1678 1225 1738 carior,
1270 1695 1412 1727 uxor
1452 1678 1623 1728 abest.

334 1809 550 1874 Vulgus
593 1809 747 1858 adest
789 1807 1115 1873 Scythicum
1156 1807 1490 1873 bracataque
1532 1806 1693 1856 turba
1736 1805 1938 1856 Getaru

411 1903 500 1954 Sic
544 1920 646 1962 me,
691 1920 832 1969 quae
872 1902 1031 1951 video
1074 1919 1184 1951 non
1224 1902 1520 1967 videoque,
1564 1907 1803 1951 movent.

338 1998 463 2048 Una
504 2006 685 2047 tamen
727 2014 853 2063 spes
896 2004 992 2053 est,
1037 2013 1177 2062 quae
1221 2013 1306 2045 me
1349 1995 1554 2045 soletur
1594 1994 1645 2043 in
1688 1993 1819 2054 istis,

245 2103 292 2143 30
412 2091 568 2142 Haec
611 2090 726 2141 fore
769 2099 945 2141 morte
989 2107 1111 2139 mea
1151 2106 1262 2140 non
1303 2089 1560 2142 diuturna
1602 2087 1761 2137 mala.

807 2375 884 2414 25.
935 2372 1056 2414 JUS
1097 2370 1353 2425 CUJQUE
1393 2368 1602 2411 SUUM.

338 2500 466 2551 Vidi
509 2517 632 2566 ego,
676 2498 1023 2564 naufragium
1068 2496 1160 2563 qui
1205 2495 1334 2554 risit,
1379 2495 1430 2544 in
1473 2510 1714 2560 aequore
1756 2490 1948 2556 mergi,
1987 2558 1988 2565 ἵ

415 2595 501 2653 Et,
545 2592 962 2659 “Numquamss’
1006 2591 1136 2649 dixi,
1183 2589 1428 2639 “iustior
1468 2588 1616 2637 unda
1656 2586 1804 2637 suit.''
1975 2572 1977 2575 V

338 2689 482 2739 Vilia
524 2688 615 2754 qui
659 2687 941 2754 quondam
986 2685 1194 2735 miseris
1237 2683 1493 2733 alimenta
1535 2687 1777 2746 negarat,

412 2783 575 2833 Nunc
618 2781 932 2831 mendicato
975 2779 1217 2846 pascitur
1258 2777 1375 2843 ipse
1417 2776 1559 2825 cibo.

272 2908 293 2951 5
340 2897 596 2949 Passibus
638 2895 910 2960 ambiguis
953 2894 1197 2943 Fortuna
1235 2890 1491 2941 volubilis
1533 2896 1689 2948 errat,

413 2991 484 3042 Et
525 2998 709 3040 manet
749 2990 800 3039 in
844 2988 992 3038 nullo
1034 2995 1182 3037 certa
1221 2994 1501 3051 tenaxque
1542 2983 1697 3045 loco;

341 3085 450 3137 Sed
494 3085 662 3134 modo
705 3083 845 3133 laeta
884 3082 1047 3140 venit,
1089 3081 1270 3131 vultus
1313 3079 1481 3128 modo
1523 3076 1689 3128 sumit
1727 3071 1993 3129 acerbos

414 3180 487 3230 Et
525 3186 737 3230 tantum
781 3185 1036 3226 constans
1079 3175 1128 3224 in
1172 3173 1391 3224 levitate
1428 3191 1526 3224 sua
1569 3179 1666 3225 est.
