1934 3421
175 352 226 394 25

183 1334 230 1374 35

181 1808 232 1844 40

181 3072 230 3110 50

271 183 375 235 128
848 198 898 240 P.
941 195 1223 238 ovinius
1271 194 1448 236 NAso
1922 0 1934 273 i

345 340 446 390 Est
486 341 730 389 medium
773 339 990 405 Cyanes
1032 347 1085 389 et
1128 338 1350 387 Pisaeae
1391 335 1723 399 Arethusae,
1924 347 1934 403 l

275 433 441 499 Quod
484 434 593 483 coit
635 434 877 498 angustis
920 432 1190 482 inclusum
1233 431 1492 481 cornibus
1534 448 1758 498 aequor.

275 527 382 576 Hic
425 527 538 585 fuit,
579 544 608 575 a
649 527 802 576 cuius
843 534 1097 591 stagnum
1147 532 1371 592 quoque
1413 525 1637 575 nomine
1675 526 1883 577 dictum

275 620 423 670 Inter
464 620 728 670 Sicelidas
772 620 960 685 Cyane
1002 619 1361 670 celeberrima
1401 618 1693 686 nymphas,
1926 598 1934 615 ¹¹

275 713 505 780 Gurgite
548 731 687 779 quae
731 714 913 763 medio
955 731 1171 763 summa
1210 721 1367 764 tenus
1409 713 1621 764 exstitit
1660 714 1798 775 alvo,

273 807 633 873 Agnovitque
674 807 852 856 deam.
933 806 1105 856 “Nec
1148 806 1368 872 longius
1411 807 1585 858 ibitis!
1613 807 1638 826 '’
1683 808 1873 874 inquit,
1927 827 1934 861 J

275 901 451 950 “Non
494 908 653 966 potes
696 900 893 949 invitae
937 899 1149 950 Cereris
1192 917 1361 966 gener
1401 917 1536 952 esse.
1617 891 1934 967 l{oga11da,i

273 994 401 1044 Non
443 994 707 1060 rapienda
748 993 860 1043 fuit.
942 992 1108 1058 Quod
1151 994 1193 1043 si
1237 1011 1573 1061 componere
1614 995 1827 1061 magnis

277 1089 445 1138 Parva
487 1087 618 1137 mihi
662 1086 739 1136 fas
781 1095 877 1146 cst,
921 1095 975 1137 et
1016 1104 1102 1136 me
1145 1087 1338 1138 dilexit
1377 1087 1622 1155 Anapis,

278 1182 523 1232 Exorata
561 1189 764 1241 tamen,
808 1197 924 1240 nec,
968 1189 1027 1231 ut
1066 1181 1218 1241 haec,
1262 1183 1522 1233 exterrita
1562 1182 1773 1250 nupsi.''
1927 1189 1932 1234 δ

278 1325 450 1384 Dixit,
493 1333 546 1375 et
587 1325 638 1373 in
682 1332 863 1390 partes
906 1324 1145 1374 diversas
1186 1324 1446 1374 bracchia
1485 1325 1715 1375 tendens

279 1418 521 1470 Obstitit.
603 1418 770 1468 Haud
814 1418 953 1467 ultra
993 1419 1167 1469 tenuit
1208 1417 1495 1468 Saturnius
1538 1418 1689 1479 iram,

276 1513 682 1578 Terribilesque
725 1511 973 1562 hortatus
1016 1529 1189 1579 equos
1232 1512 1283 1561 in
1326 1513 1556 1577 gurgitis
1598 1513 1706 1562 ima

279 1606 608 1657 Contortum
650 1606 833 1656 valido
875 1614 1155 1673 sceptrum
1198 1606 1381 1671 regale
1424 1606 1628 1657 lacerto
1927 1646 1930 1676 1

279 1701 558 1752 Condidit.
640 1701 756 1750 Icta
795 1700 937 1749 viam
979 1700 1138 1749 tellus
1180 1700 1232 1748 in
1271 1700 1498 1750 Tartara
1538 1700 1665 1750 fecit
1927 1683 1929 1780 i

280 1795 352 1845 Et
395 1812 601 1861 pronos
644 1812 833 1844 currus
876 1795 1059 1843 medio
1102 1801 1309 1843 cratere
1351 1794 1573 1860 recepit.

278 1931 356 1981 At
397 1931 603 1997 Cyane,
649 1939 973 1997 raptamque
1016 1930 1175 1979 deam
1218 1938 1650 1996 contemptaque
1692 1930 1854 1981 fontis

280 2024 406 2074 Iura
446 2025 526 2074 sui
571 2042 835 2084 maerens,
881 2023 1274 2073 inconsolabile
1314 2023 1512 2073 vulnus

280 2119 467 2168 Mente
510 2119 648 2184 gerit
688 2119 867 2177 tacita,
912 2118 1262 2184 lacrimisque
1304 2117 1610 2167 absumitur
1651 2117 1847 2167 omnis.

281 2211 569 2278 Primaque
611 2213 678 2261 de
719 2220 836 2262 tota
876 2212 1198 2262 tenuissima
1240 2227 1493 2277 quaeque
1536 2210 1860 2276 liquescunt,

214 2321 228 2329 ⁶
278 2305 525 2355 Caerulei
569 2306 743 2355 crines
786 2305 1055 2372 digitique
1097 2313 1151 2355 et
1191 2322 1348 2354 crura
1389 2305 1700 2371 pedesque;

279 2400 532 2466 Denique
575 2417 675 2466 pro
717 2400 841 2449 vivo
882 2400 1096 2450 vitiatas
1138 2399 1404 2464 sanguine
1446 2416 1611 2448 venas

278 2493 533 2558 Lympha
574 2493 734 2552 subit,
780 2501 1053 2559 restatque
1096 2492 1244 2552 nihil,
1289 2493 1438 2558 quod
1481 2492 1750 2558 prendere
1792 2509 1909 2558 pos:

386 2746 554 2791 Asaler
581 2745 717 2791 Ceres
742 2746 1083 2805 Prosezpinam
1106 2747 1274 2807 ubique
1297 2747 1498 2807 quaeris,
1527 2746 1640 2792 Iovi
1658 2746 1906 2806 supplebat·

350 2872 563 2923 interca
604 2873 835 2938 pavidae
879 2874 1213 2939 nequiquam
1257 2874 1366 2923 filia
1407 2875 1561 2924 matri

277 2966 549 3017 Omnibus
591 2975 672 3016 est
711 2967 882 3024 terris,
927 2968 1075 3015 omni
1119 2968 1365 3032 quaesita
1405 2967 1700 3034 profundo.

277 3059 431 3109 Illam
475 3077 583 3109 non
625 3060 746 3109 udis
787 3060 1008 3109 veniens
1052 3059 1271 3109 Aurora
1311 3061 1521 3127 capillis

278 3154 598 3204 Cessantem
640 3154 790 3211 vidit,
834 3170 941 3201 non
991 3153 1290 3218 Hesperus,
1373 3155 1470 3203 Illa
1511 3155 1726 3204 duabus
