1976 3437
203 477 249 504 10

205 999 249 1039 Ι5

203 1528 253 1558 20

209 3104 258 3145 35

296 209 364 262 70
853 222 902 264 P.
968 221 1254 264 OVIDIUS
1297 220 1475 262 NAso

295 365 423 416 Non
465 365 597 415 mihi
639 381 941 424 servorum,
983 363 1214 413 comites
1256 379 1367 412 non
1409 379 1541 412 cura
1580 362 1815 428 legendi,

367 459 494 508 Non
537 467 699 524 aptae
742 458 979 524 profugo
1020 457 1187 506 vestis
1229 456 1421 522 opisve
1464 455 1579 506 fuit.

295 552 422 603 Non
464 553 618 602 aliter
658 552 861 618 stupui,
905 567 1072 617 quam
1116 551 1209 616 qui
1254 550 1400 599 Iovis
1442 549 1662 615 ignibus
1705 550 1842 601 ictus

366 645 533 707 Vivit,
573 653 628 696 et
667 653 749 695 est
787 645 929 695 vitae
972 644 1187 694 nescius
1229 644 1344 709 ipse
1386 660 1533 693 suae.

295 794 372 844 Ut
411 801 597 843 tamen
638 792 780 842 hanc
822 792 987 842 animi
1031 792 1232 842 nubem
1276 791 1436 842 dolor
1477 791 1593 857 ipse
1636 791 1884 852 removit,

370 887 440 936 Et
480 887 704 936 tandem
746 903 937 935 sensus
979 886 1308 935 convaluere
1351 885 1477 948 mei,

297 980 572 1046 Alloquor
613 987 927 1030 extremum
970 987 1209 1030 maestos
1250 979 1496 1029 abiturus
1537 979 1764 1040 amicos,

369 1073 480 1139 Qui
524 1074 692 1123 modo
735 1074 802 1123 de
847 1073 1030 1122 multis
1074 1090 1214 1122 unus
1257 1080 1312 1123 et
1351 1072 1486 1123 alter
1526 1080 1695 1124 erant.

296 1222 457 1273 Uxor
497 1238 687 1271 amans
730 1220 952 1270 flentem
995 1219 1130 1270 flens
1172 1220 1348 1270 acrius
1391 1220 1511 1286 ipsa
1549 1220 1788 1280 tenebat,

371 1315 556 1365 Imbre
598 1331 697 1381 per
738 1315 991 1379 indignas
1034 1331 1208 1380 usque
1251 1315 1483 1363 cadente
1525 1331 1710 1379 genas.

296 1410 441 1460 Nata
482 1409 677 1477 procul
718 1409 942 1474 Libycis
985 1408 1175 1459 aberat
1214 1409 1429 1458 diversa
1468 1408 1570 1458 sub
1611 1408 1737 1468 oris,

371 1504 488 1554 Nec
530 1511 747 1570 poterat
788 1502 879 1552 fati
922 1503 1122 1552 certior
1162 1520 1281 1553 esse
1325 1503 1447 1553 mei.

300 1652 675 1718 Quocumque
716 1651 1007 1717 aspiceres,
1041 1651 1217 1700 luctus
1259 1652 1609 1718 gemitusque
1650 1651 1937 1712 sonabant,

371 1747 687 1812 Formaque
729 1762 838 1795 non
879 1745 1028 1795 taciti
1071 1745 1274 1795 funeris
1317 1746 1460 1796 intus
1501 1754 1630 1796 erat.

300 1841 530 1890 Femina
569 1841 762 1906 virque
804 1856 929 1889 meo
992 1840 1144 1906 pueri
1190 1858 1415 1906 quoque
1457 1839 1646 1890 funere
1689 1847 1944 1900 maerent,

375 1934 553 2001 Inque
594 1934 763 1984 domo
807 1933 1058 1982 lacrimas
1101 1934 1334 1998 angulus
1376 1934 1556 1983 omnis
1598 1933 1781 1985 habet.

301 2028 356 2079 Si
401 2028 526 2078 licet
566 2027 839 2093 exemplis
882 2027 934 2076 in
976 2045 1147 2093 parvo
1190 2028 1489 2092 grandibus
1531 2028 1625 2087 uti,

374 2122 531 2171 Haec
573 2121 739 2171 facies
778 2121 995 2180 Troiae,
1039 2138 1165 2171 cum
1207 2129 1511 2188 caperetur,
1554 2128 1686 2173 erat.

302 2270 532 2336 Iamque
575 2267 937 2335 quiescebant
975 2285 1142 2318 voces
1183 2267 1586 2334 hominumque
1628 2284 1940 2335 canumque

374 2363 642 2429 Lunaque
684 2370 986 2411 nocturnos
1028 2362 1135 2411 alta
1177 2362 1404 2427 regebat
1443 2379 1633 2428 equos.

304 2457 464 2507 Hanc
506 2473 611 2534 ego
654 2455 961 2522 suspiciens
1003 2463 1056 2505 et
1096 2455 1164 2504 ab
1206 2455 1308 2505 hac
1352 2455 1629 2522 Capitolia
1669 2471 1913 2514 cernens,

375 2550 533 2615 Quae
577 2557 764 2600 nostro
806 2548 1006 2599 frustra
1047 2548 1232 2599 iuncta
1272 2548 1421 2598 fuere
1463 2548 1605 2609 Lari,

303 2712 598 2762 “Numina
635 2711 828 2761 vicinis
870 2711 1174 2761 habitantia
1215 2697 1489 2770 sedibus‚''
1532 2711 1774 2778 inquam,

376 2807 659 2872 “Iamque
702 2805 876 2855 oculis
919 2822 1223 2871 numquam
1265 2804 1474 2871 templa
1513 2804 1752 2855 videnda
1792 2803 1938 2864 meis:

303 2900 490 2966 Dique
532 2899 890 2965 relinquendi,
934 2916 1073 2964 quos
1116 2898 1244 2948 urbs
1286 2897 1454 2948 habet
1494 2897 1602 2948 alta
1641 2896 1875 2964 Quirini,

379 2994 510 3044 Este
552 2993 769 3043 salutati
810 3000 1030 3058 tempus
1073 2992 1124 3041 in
1166 3009 1331 3042 omne
1373 2991 1536 3041 mihi!

306 3087 377 3138 Et
418 3104 757 3154 quamquam
799 3103 921 3136 sero
964 3086 1203 3151 clipeum
1246 3093 1375 3151 post
1412 3085 1640 3136 vulnera
1678 3101 1856 3146 sumo,

377 3181 646 3231 Attamen
687 3179 830 3229 hanc
872 3178 1012 3228 odiis
1054 3185 1355 3228 exonerate
1396 3177 1602 3244 fugam,
