2018 3400
461 189 578 230 IRA
624 188 804 230 IOVIS
853 188 938 228 ET
985 187 1331 228 DILUVIUM

66 349 86 392 t
127 340 371 390 nondum
414 339 662 406 liquidas,
704 338 780 387 sic
824 339 930 387 iam
969 338 1112 387 vada
1154 345 1284 386 nota
1324 345 1592 387 secantes.

80 435 146 484 de
189 433 279 483 ubi
323 433 521 482 libatos
564 433 860 481 irroravere
902 432 1143 498 liquores

0 532 8 564 ἶ
62 529 265 578 estibus
305 535 358 576 et
396 527 579 592 capiti,
621 526 850 576 flectunt
890 526 1120 590 vestigia
1160 533 1382 576 sanctae

67 623 99 672 d
142 621 371 671 delubra
412 621 561 679 deae,
605 637 840 686 quorum
883 619 1096 684 fastigia
1138 621 1283 686 turpi

86 715 287 765 ilebant
330 731 535 773 musco,
579 714 909 779 stabantque
952 714 1067 763 sine
1110 714 1329 778 ignibus
1372 732 1514 766 arae.

52 849 82 899 't
121 848 311 914 templi
357 848 586 913 tetigere
629 847 846 912 gradus,
890 846 1209 912 procumbit
1249 855 1481 914 uterque

49 959 212 992 ronus
254 942 405 991 humi
449 942 746 1007 gelidoque
788 957 994 1006 pavens
1036 941 1187 990 dedit
1227 942 1415 990 oscula
1456 960 1608 992 saxo.

46 1043 192 1102 „tque
234 1036 323 1094 ita,
367 1035 473 1086 “Si
516 1034 822 1101 precibus,”
866 1035 1140 1092 dixerunt,
1183 1035 1461 1085 “numina
1502 1036 1654 1086 iustis

45 1129 164 1179 'icta
207 1129 610 1188 remollescunt,
653 1129 694 1177 si
740 1128 976 1178 flectitur
1018 1128 1095 1178 ira
1135 1129 1386 1188 deorum,

42 1223 126 1282 )ic,
168 1222 384 1281 Themi,
427 1240 536 1288 qua
578 1223 791 1288 generis
833 1223 1096 1271 damnum
1139 1223 1443 1288 reparabile
1486 1224 1652 1274 nostri

40 1324 139 1367 irte
179 1317 263 1375 sit,
307 1325 360 1366 et
400 1316 590 1365 mersis
633 1315 711 1365 ser
751 1333 934 1382 opem,
979 1316 1281 1376 mitissima,
1326 1317 1538 1366 rebus.’'

37 1451 160 1501 iota
201 1452 303 1501 dea
344 1459 426 1502 est
465 1459 783 1517 sortemque
825 1451 1003 1500 dedit:
1054 1455 1083 1475 “
1110 1451 1393 1501 Discedite
1435 1451 1663 1518 templo,

35 1545 75 1595 't
112 1545 288 1595 velate
329 1554 510 1612 caput,
555 1546 872 1611 cinctasque
915 1545 1169 1595 resolvite
1210 1554 1404 1604 vestes,

59 1656 253 1704 ssaque
295 1647 422 1705 post
461 1647 676 1704 tergum
721 1656 954 1704 magnae
998 1640 1195 1689 iactate
1238 1640 1531 1706 parentis.’'

58 1779 336 1846 bstipuere
377 1781 500 1841 diu;
564 1780 881 1847 rumpitque
923 1781 1135 1830 silentia
1175 1798 1311 1831 voce

43 1873 207 1938 yrrha
247 1874 410 1940 prior,
456 1874 726 1940 iussisque
769 1875 904 1923 deae
946 1892 1137 1940 parere
1180 1884 1408 1935 recusat,

60 1975 223 2033 etque
265 1968 366 2016 sibi
408 1969 641 2026 veniam,
686 1969 887 2034 pavido
932 1978 1090 2033 rogat
1131 1987 1240 2029 ore,
1285 1979 1562 2038 pavetque

24 2061 245 2110 ,aedere
289 2061 499 2111 iactatis
546 2070 817 2111 maternas
863 2063 1080 2112 ossibus
1128 2064 1368 2115 umbras.

22 2201 216 2244 ‚nterea
257 2193 512 2260 repetunt
553 2196 729 2244 caecis
771 2196 1007 2245 obscura
1048 2197 1269 2248 latebris

2 2286 184 2337 ⁴sserba
224 2288 383 2338 datae
425 2289 584 2338 sortis
627 2306 828 2347 secum,
873 2291 1010 2340 inter
1050 2309 1219 2358 seque
1259 2294 1523 2345 volutant.

1 2372 136 2429 *inde
179 2382 557 2431 Promethides
601 2383 831 2448 placidis
876 2384 1234 2450 Epimethida
1275 2389 1434 2438 dictis

17 2474 212 2524 VIulcet
252 2483 320 2534 et,
364 2475 531 2525 “Aut
573 2475 783 2535 fallax,’'
830 2479 918 2535 ait,
965 2485 1101 2530 “est
1142 2466 1382 2532 sollertia
1423 2483 1598 2544 nobiS,

0 2565 118 2618 Aut
159 2568 248 2634 pia
288 2577 414 2618 sunt
455 2569 777 2636 nullumque
821 2572 969 2621 nefas
1013 2575 1234 2624 oracula
1275 2578 1534 2627 suadent:

14 2659 212 2727 Magna
239 2670 441 2727 parens
479 2670 622 2712 terra
662 2673 772 2723 est;
823 2665 1031 2731 lapides
1075 2668 1125 2716 in
1170 2686 1402 2735 corpore
1444 2679 1618 2721 terrae

12 2752 139 2803 Ossa
181 2772 303 2804 reor
342 2756 479 2817 dici;
530 2759 706 2807 iacere
749 2760 850 2808 hos
891 2770 1018 2826 post
1057 2771 1211 2828 terga
1252 2765 1552 2815 iubenmr.”

10 2891 266 2960 Coniugis
308 2897 539 2961 augurio
581 2915 921 2964 quamquam
963 2901 1178 2951 Titania
1220 2913 1368 2953 mota
1410 2914 1504 2961 est,

9 2985 140 3052 “pes
179 2997 362 3038 tamen
405 2991 457 3039 in
499 2991 668 3040 dubio
710 3001 818 3049 est;
868 2995 1007 3043 adeo
1050 2996 1376 3046 caelestibus
1419 3000 1583 3049 ambo

7 3079 273 3132 Diffidunt
312 3084 550 3133 monitis.
632 3084 740 3135 Sed
783 3087 911 3151 quid
956 3096 1226 3154 temptare
1268 3092 1524 3142 nocebit?

5 3171 311 3225 Discedunt
348 3176 642 3243 velantque
683 3187 851 3244 caput
889 3181 1215 3248 tunicasque
1258 3185 1546 3249 recingunt

5 3264 78 3316 Et
116 3267 288 3319 iussos
330 3269 539 3336 lapides
581 3289 678 3321 sua
718 3281 844 3338 post
882 3275 1113 3339 vestigia
1154 3277 1386 3327 mittunt.

1796 1791 1873 1818 220
