1939 3416
165 813 238 840 110

182 2473 228 2499 10

183 3059 227 3100 Ι5

275 184 378 234 120
864 195 911 235 Ρ.
958 191 1238 234 OVIDIUS
1286 189 1461 232 NASO

278 349 447 414 Signa
485 356 608 398 tene
651 346 851 403 caedis,
894 343 1186 410 pullosque
1229 348 1282 390 et
1322 339 1560 390 luctibus
1601 349 1761 406 aptos

278 442 509 508 Semper
550 441 691 490 habe
733 439 888 497 setus,
932 436 1134 502 gemini
1177 442 1539 484 monumenta
1579 434 1835 485 cruoris.''

279 610 450 668 Dixit,
493 616 546 657 et
587 615 773 673 aptato
816 613 1007 671 pectus
1049 619 1312 652 mucrone
1353 601 1455 650 sub
1497 601 1668 650 imum

284 703 540 752 Incubuit
580 701 734 759 ferro,
779 699 928 765 quod
973 697 1152 746 adhuc
1195 714 1224 745 a
1265 696 1433 744 caede
1462 695 1703 761 tepebat.

281 798 427 846 Vota
465 804 650 845 tamen
690 794 918 858 tetigere
961 792 1111 850 deOS,
1153 790 1382 855 tetigere
1423 797 1689 855 parentes.

280 891 423 939 Nam
465 888 617 938 color
658 888 709 936 in
752 903 921 953 pomo
965 893 1060 944 est,
1104 883 1196 933 ubi
1238 883 1616 949 permaturuit,
1661 891 1804 944 ater3

279 983 559 1048 Quodque
604 981 750 1045 rogis
799 987 1061 1044 superest,
1109 995 1217 1026 una
1261 976 1557 1042 requiescit
1603 976 1657 1026 in
1703 993 1855 1028 urna.

873 1255 954 1294 10.
1017 1253 1396 1309 ΥἉΙθΤΑΙῦσε.

798 1403 925 1448 luno
949 1401 1019 1446 ad
1038 1401 1212 1461 ilfi'ros
1236 1401 1480 1447 descendit.

347 1547 446 1597 Est
485 1547 572 1596 via
612 1545 837 1595 declivis
879 1544 1093 1594 funesta
1134 1544 1320 1593 nubila
1359 1552 1522 1606 taxo;

275 1641 443 1691 Ducit
484 1641 551 1689 ad
594 1639 829 1690 infernas
871 1656 968 1704 per
1009 1646 1160 1687 muta
1199 1638 1414 1688 silentia
1453 1638 1628 1691 sedes,

276 1735 416 1799 Styx
459 1733 686 1782 nebulas
729 1732 952 1782 exhalat
993 1732 1150 1789 inem,
1193 1732 1533 1799 umbraeque
1575 1741 1823 1784 recentes

276 1829 636 1878 Descendunt
678 1825 797 1876 illac
840 1826 1243 1892 simulacraque
1286 1826 1471 1876 functa
1510 1827 1833 1893 sepulchris.

276 1923 452 1972 Pallor
496 1921 806 1986 Hiemsque
847 1928 1036 1970 tenent
1076 1920 1181 1969 late
1224 1919 1346 1969 loca
1384 1928 1566 1980 senta;
1619 1921 1876 1987 novique,
1938 1929 1939 1973 ἶ

276 2015 402 2082 Qua
442 2016 510 2065 sit
551 2015 665 2074 iter,
709 2031 912 2073 manes,
957 2013 1208 2078 Stygiam
1250 2031 1360 2079 qua
1400 2014 1566 2063 ducat
1606 2014 1674 2063 ad
1716 2014 1939 2079 urbemj

278 2109 557 2175 Ignorant,
602 2108 692 2157 ubi
734 2108 802 2157 sit
842 2107 979 2172 nigri
1023 2106 1135 2156 fera
1176 2107 1327 2172 regia
1367 2106 1527 2158 Ditis.

276 2263 426 2312 Mille
469 2280 648 2329 capax
690 2263 867 2312 aditus
910 2270 962 2312 et
1005 2269 1222 2328 apertas
1265 2262 1510 2328 undique
1551 2271 1740 2329 portas

276 2357 420 2408 Urbs
462 2356 643 2423 habet.
724 2356 909 2422 thue
954 2355 1149 2406 fretum
1193 2356 1261 2405 de
1302 2364 1418 2406 tota
1459 2355 1687 2406 flumina
1726 2365 1886 2418 terra,

276 2449 365 2500 Sic
408 2467 599 2499 omnes
642 2450 849 2499 animas
893 2450 1046 2499 locus
1089 2450 1289 2517 accipit
1329 2450 1433 2509 ille,
1477 2468 1578 2500 nec
1620 2451 1713 2501 ulli
1936 2430 1938 2446 ι

276 2543 529 2609 Exiguus
570 2544 781 2610 populo
824 2552 920 2603 est,
965 2544 1253 2594 turbamve
1296 2545 1561 2595 accedere
1601 2546 1781 2598 sentit.

277 2699 474 2749 Errant
514 2716 825 2764 exsangues
866 2700 981 2749 sine
1023 2717 1257 2766 corpore
1299 2709 1353 2751 et
1392 2701 1608 2752 ossibus
1651 2702 1896 2764 umbrae,
1935 2694 1937 2759 l

277 2793 514 2858 Parsque
556 2792 735 2842 forum
778 2793 1072 2851 celebrant,
1116 2811 1241 2860 pars
1284 2794 1376 2843 imi
1418 2802 1564 2845 tecta
1602 2796 1838 2860 tyranni,
1934 2780 1937 2789 ’

276 2886 402 2936 Pars
444 2886 654 2952 aliquas
695 2894 852 2944 artes,
895 2887 1150 2952 antiquae
1193 2887 1497 2939 imitamina
1533 2889 1692 2940 vitae.

277 3041 521 3093 Sustinet
561 3041 636 3090 ire
678 3040 804 3090 illuc
846 3040 1065 3091 caelesti
1107 3043 1237 3092 sede
1280 3043 1556 3094 relicta—

274 3136 513 3185 Tantum
555 3134 696 3185 odiis
737 3133 955 3199 iraeque
997 3133 1525 3187 dabat—Saturnia
1567 3136 1723 3190 Iuno,
