1982 3437
270 190 336 240 66
848 204 897 246 P.
944 202 1228 244 OVIDIUS
1275 202 1452 244 NASO

266 349 426 398 Nunc
469 365 694 414 quoque
735 365 833 414 per
862 363 1063 413 pueros
1105 344 1293 394 iaculis
1336 345 1622 395 incessitur
1662 346 1848 407 index,

336 442 408 492 Et
448 442 687 508 pretium
729 440 940 490 auctori
982 439 1219 489 vulneris
1261 439 1379 505 ipsa
1419 439 1596 490 datur.

261 535 388 602 Qua
427 543 655 585 ventura
696 535 801 584 dea
840 542 936 593 est,
980 534 1202 582 iuvenes
1243 532 1582 598 timidaeque
1621 533 1837 599 puellae

332 630 717 679 Praesternunt
758 628 892 677 latas
932 635 1082 676 veste
1125 626 1336 676 iacente
1376 626 1503 675 vias.

159 745 208 786 25
255 723 500 789 Virginei
542 723 718 773 crines
762 738 895 771 auro
939 737 1272 786 gemmaque
1314 727 1653 786 premuntur,

330 817 402 867 Et
441 817 577 882 tegit
618 823 838 866 auratos
881 814 1027 881 palla
1068 814 1308 880 superba
1349 813 1549 879 pedes3

256 911 414 961 More
457 919 676 977 patrum
721 908 889 959 Graio
930 908 1144 958 velatae
1185 907 1428 957 vestibus
1471 906 1607 957 albis

328 1004 568 1055 Condita
609 1003 900 1070 supposito
942 1002 1145 1052 vertice
1187 1018 1342 1050 sacra
1383 1000 1576 1052 ferunt.

251 1145 364 1196 Ore
407 1144 590 1194 favent
630 1143 831 1210 populi
863 1151 1010 1200 tunc,
1055 1158 1181 1190 cum
1223 1140 1373 1190 venit
1414 1157 1578 1191 aurea
1618 1158 1843 1209 pompa,

157 1259 206 1298 30
327 1238 456 1305 Ipsa
496 1238 811 1288 sacerdotes
852 1236 1320 1302 subsequiturque
1362 1252 1504 1284 suas.

252 1332 465 1398 Argiva
505 1340 586 1382 est
627 1348 868 1398 pompae
910 1330 1093 1380 facies.
1174 1327 1604 1394 Agamemnone
1647 1346 1808 1378 caeso

326 1426 398 1476 Et
437 1425 615 1475 scelus
657 1434 710 1475 ct
750 1425 952 1492 patrias
994 1424 1134 1489 fugit
1177 1422 1452 1472 Halaesus
1496 1438 1669 1490 opes;

253 1521 481 1587 Iamque
523 1520 811 1587 pererratis
854 1518 1122 1585 profugus
1162 1526 1419 1584 terraque
1462 1516 1711 1584 fretoque

325 1614 548 1664 Moenia
590 1613 732 1663 felici
775 1613 1025 1662 condidit
1066 1612 1172 1662 alta
1214 1629 1397 1661 manu.

155 1728 203 1768 35
252 1708 347 1758 Ille
389 1726 518 1758 suos
560 1708 749 1758 docuit
791 1706 1025 1756 Iunonia
1065 1723 1219 1755 sacra
1259 1705 1520 1756 Faliscos.

323 1801 444 1853 Sint
485 1801 634 1861 mihi,
677 1801 783 1851 sint
823 1799 1035 1867 populo
1078 1817 1297 1866 semper
1338 1800 1515 1849 amica
1556 1799 1687 1850 suo!

429 2076 508 2116 19.
561 2073 883 2116 ARTJFEX
918 2073 1133 2116 NECJS
1170 2074 1391 2116 PERJT
1420 2074 1552 2117 SUA
1603 2075 1808 2118 ARTE.

248 2221 464 2271 Dicitur
504 2218 804 2286 Aegyptus
845 2219 1084 2269 caruisse
1127 2219 1440 2271 iuvantibus
1482 2239 1609 2271 arva

320 2313 615 2373 Imbribus,
658 2323 823 2379 atque
866 2330 1038 2363 annos
1080 2314 1225 2363 sicca
1266 2314 1429 2364 fuisse
1472 2332 1688 2375 novem,

247 2407 388 2458 Cum
429 2407 691 2457 Thrasius
734 2405 949 2456 Busirin
992 2407 1121 2467 adit,
1165 2416 1544 2475 monstratque
1585 2409 1721 2475 piari

322 2501 577 2567 Hospitis
620 2499 814 2551 adfuso
856 2501 1122 2566 sanguine
1164 2518 1329 2567 posse
1373 2502 1579 2553 Iovem,

177 2647 197 2688 5
247 2642 329 2691 11Ιί
373 2642 593 2701 Busiris,
637 2642 813 2691 “Fies
857 2641 1004 2691 Iovis
1046 2641 1226 2692 hostia
1266 2644 1526 2708 primus,”

317 2736 516 2802 Inquit,
562 2740 665 2786 “et
704 2735 974 2802 Aegypto
1015 2743 1071 2785 tu
1116 2736 1271 2786 dabis
1314 2737 1517 2804 hospes
1559 2739 1811 2805 aquam.”

244 2830 314 2880 Et
356 2829 595 2879 Phalaris
635 2838 794 2880 tauro
835 2828 1057 2879 violenti
1101 2830 1349 2880 membra
1390 2832 1566 2881 Perilli

312 2924 550 2974 Torruit.
632 2922 832 2973 Infelix
875 2922 1071 2973 imbuit
1112 2931 1303 2974 auctor
1344 2942 1501 2991 opuS.

241 3065 423 3116 Iustus
465 3072 696 3131 uterque
735 3063 849 3114 fuit.
928 3063 1126 3130 Neque
1164 3065 1309 3114 enim
1350 3065 1441 3116 lex
1479 3066 1708 3134 aequior
1744 3066 1854 3118 ulla
1887 3084 1938 3119 es
1965 3051 1977 3136 “i

149 3169 194 3196 10
314 3159 496 3226 Quam
543 3158 689 3207 necis
731 3156 965 3207 artifices
1007 3165 1120 3208 arte
1161 3159 1338 3224 perire
1378 3177 1491 3211 sua.
