2018 3400
76 368 294 420 quoque
335 349 614 399 turbatum
659 356 968 396 memorant
1008 347 1228 411 fugisse,
1272 348 1463 406 Boote,

57 447 222 498 amvis
262 445 446 494 tardus
489 460 606 492 eras
649 450 701 491 et
741 450 793 491 te
836 449 929 491 tua
971 442 1215 506 plaustra
1255 443 1526 492 tenebant.

73 603 198 637 vero
240 601 457 633 summo
501 582 757 648 despexit
799 581 866 630 ab
909 581 1129 631 aethere
1171 590 1340 632 terras

46 680 155 731 ‘elix
195 677 476 727 Phaethon
519 676 736 742 penitus
779 676 1109 741 penitusque
1153 677 1405 735 iacentes,

45 774 167 831 [luit,
210 780 263 821 et
302 770 482 820 subito
526 787 705 834 genua
746 770 1074 818 intremuere
1117 770 1329 829 timore,

49 875 209 933 ntque
251 864 423 913 oculis
463 863 724 913 tenebrae
766 880 865 929 per
905 870 1117 912 tantum
1161 862 1345 912 lumen
1388 865 1631 915 obortae.

76 960 178 1010 iam
220 958 404 1007 mallet
444 975 617 1023 equos
661 973 966 1022 numquam
1008 957 1252 1021 tetigisse
1294 966 1568 1023 paternos.

43 1100 112 1150 1id
153 1099 346 1148 faciat?
425 1097 665 1147 Multum
709 1097 843 1146 caeli
885 1105 1012 1163 post
1052 1106 1206 1161 terga
1248 1098 1512 1157 relictum,

42 1202 111 1244 ite
152 1192 340 1242 oculos
382 1192 504 1258 plus
546 1199 640 1241 est.
721 1189 930 1239 Animo
975 1192 1194 1240 metitur
1236 1199 1545 1256 utrumque.

80 1288 260 1346 modo,
305 1304 443 1352 quos
486 1285 558 1334 illi
602 1283 773 1335 fatum
816 1285 1136 1350 contingere
1179 1302 1289 1333 non
1332 1292 1428 1343 est,

40 1381 233 1448 ospicit
272 1398 516 1438 occasus,
562 1379 837 1428 interdum
880 1379 1104 1445 respicit
1145 1387 1308 1439 ortus,

48 1475 228 1541 lidque
269 1483 411 1540 agat,
456 1474 691 1539 ignarus,
719 1481 905 1539 stupet
945 1481 999 1523 et
1039 1490 1140 1522 nec
1183 1472 1333 1522 frena
1375 1473 1617 1531 remittit,

60 1586 87 1619 c
126 1568 354 1618 retinere
394 1567 553 1625 valet,
598 1584 698 1616 nec
739 1567 964 1616 nomina
1005 1567 1158 1616 novit
1199 1583 1485 1632 equorum.

56 1679 170 1713 arsa
209 1679 431 1729 quoque
474 1662 525 1710 in
566 1661 716 1710 vario
760 1661 964 1727 passim
1008 1660 1271 1709 miracula
1311 1660 1463 1709 caelo

61 1765 371 1822 starumque
412 1755 562 1805 videt
600 1755 849 1820 trepidus
891 1753 1184 1803 simulacra
1226 1753 1476 1804 ferarum.

38 1904 74 1947 -t
109 1895 276 1956 locus,
317 1895 372 1946 in
414 1895 667 1961 geminos
710 1894 803 1944 ubi
845 1893 1103 1943 bracchia
1145 1901 1412 1944 concavat
1453 1911 1610 1943 arcus

51 1990 248 2057 orpius,
291 1998 344 2039 et
385 1989 562 2038 cauda
605 1988 876 2054 flexisque
921 1987 1194 2054 utrimque
1238 1987 1451 2036 lacertis

37 2083 202 2149 ›rrigit
242 2083 293 2133 in
335 2083 575 2149 spatium
619 2082 902 2147 signorum
945 2081 1193 2130 membra
1234 2082 1486 2131 duorum.

44 2193 142 2225 unc
183 2193 318 2243 puer
359 2184 418 2226 ut
464 2175 601 2241 nigri
644 2175 930 2225 madidum
970 2174 1172 2224 sudore
1212 2174 1407 2224 veneni

36 2267 213 2319 ulnera
252 2278 475 2319 curvata
515 2269 859 2319 minitantem
902 2269 1132 2334 cuspide
1172 2268 1321 2327 vidit,

46 2362 176 2412 entis
217 2363 374 2429 inops
416 2363 598 2428 gelida
639 2362 930 2411 formidine
974 2362 1090 2411 lora
1131 2361 1351 2412 remisit.

41 2472 135 2504 uae
175 2465 470 2523 postquam
512 2473 731 2506 summo
773 2456 1004 2522 tetigere
1035 2456 1268 2505 iacentia
1307 2463 1480 2521 tergo,

36 2550 370 2615 xspatiantur
410 2551 554 2617 equi,
598 2550 861 2617 nulloque
905 2548 1187 2599 inhibente
1230 2567 1327 2616 per
1368 2566 1526 2599 auras

35 2651 208 2707 {notae
249 2645 487 2711 regionis
529 2653 674 2704 eunt,
718 2661 940 2711 quaque
982 2644 1219 2710 impetus
1262 2643 1385 2708 egit,

35 2735 105 2786 'ac
143 2738 257 2788 sine
297 2739 418 2805 lege
462 2747 639 2797 ruunt,
684 2738 906 2805 altoque
947 2738 1050 2788 sub
1093 2737 1312 2787 aethere
1353 2736 1476 2786 fixis

35 2839 263 2882 icursant
302 2832 484 2893 stellis,
528 2833 856 2900 rapiuntque
898 2849 999 2899 per
1040 2832 1159 2881 avia
1200 2847 1434 2880 currum.

36 2929 57 2973 t
92 2926 256 2975 modo
298 2943 515 2976 summa
555 2935 765 2994 petunt,
810 2927 979 2976 modo
1022 2943 1119 2992 per
1160 2924 1368 2974 declive
1408 2923 1635 2990 viasque

35 3019 309 3085 raecipites
349 3021 528 3087 spatio
569 3029 744 3071 terrae
787 3020 1048 3087 propiore
1090 3019 1351 3069 seruntur,

35 3109 322 3180 iferiusque
363 3115 475 3164 suis
516 3114 783 3164 fraternos
825 3130 1041 3163 currere
1083 3113 1239 3162 Luna

35 3202 302 3256 .dmiratur
342 3224 534 3275 equos,
576 3208 939 3273 ambustaque
981 3206 1168 3255 nubila
1208 3205 1429 3254 fumant.

624 184 999 244 PHA'ETHON
1593 193 1692 242 101

1754 780 1817 829 165

1756 1305 1826 1342 ¹70

1762 1767 1832 1809 175

1765 2285 1837 2325 180

1766 2754 1836 2805 185

1770 3216 1841 3255 190
