1982 3442
194 1737 244 1778 35

194 2216 246 2253 40

203 3199 250 3238 50

289 219 357 271 80
857 236 909 278 P.
957 234 1241 278 ovmius
1288 233 1466 277 NAso

360 379 523 430 Hanc
564 380 699 429 deus
741 387 795 430 ct
835 379 1028 429 melior
1067 380 1218 430 litem
1259 386 1451 429 natura
1489 378 1720 431 diremit.

290 472 437 522 Nam
479 471 630 522 caelo
672 481 840 523 terras
882 481 936 524 et
974 474 1129 523 terris
1171 473 1405 523 abscidit
1444 474 1634 533 undaS,

287 566 359 617 Et
399 567 669 633 liquidum
709 567 886 633 spisso
929 567 1160 617 secrevit
1199 567 1266 616 ab
1309 572 1431 616 ae're
1472 567 1702 618 caelum.

288 659 447 725 Quae
488 668 785 726 postquam
827 660 1028 710 evolvit
1069 677 1349 726 caecoque
1391 660 1600 710 exemit
1640 676 1855 722 acervo,

288 753 602 804 Dissociata
643 754 775 804 locis
818 754 1079 804 concordi
1123 771 1260 821 pace
1303 754 1506 819 ligavit.

289 846 462 913 Ignea
502 848 738 897 convexi
779 847 858 897 vis
900 856 954 898 et
993 848 1109 897 sine
1151 848 1398 914 pondere
1440 848 1576 898 caeli

290 940 535 991 Emicuit
573 958 901 1007 summaque
942 942 1127 991 locum
1168 942 1270 991 sibi
1313 941 1442 993 fecit
1483 942 1535 992 in
1577 958 1717 993 arce.

289 1034 581 1085 Proximus
623 1042 705 1085 est
745 1040 837 1084 aer
877 1034 949 1084 illi
992 1035 1210 1084 levitate
1252 1035 1519 1102 locoque;

289 1128 531 1179 Densior
571 1128 654 1178 his
695 1128 872 1187 tellus,
915 1128 1300 1194 elementaque
1343 1129 1572 1195 grandia
1610 1129 1779 1180 traxit

291 1222 363 1273 Et
403 1239 592 1288 pressa
633 1229 715 1271 est
755 1222 1018 1287 gravitate
1061 1239 1175 1274 sua.
1256 1221 1624 1273 Circumfluus
1665 1238 1826 1273 umor

291 1316 516 1367 Extima
556 1316 804 1383 possedit
843 1316 1195 1382 solidumque
1238 1317 1483 1367 coercuit
1523 1317 1728 1367 orbem.

290 1449 381 1502 Sic
422 1450 515 1500 ubi
559 1450 901 1517 dispositam,
945 1450 1193 1516 quisquis
1234 1449 1334 1500 fuit
1374 1450 1462 1500 ille
1503 1451 1752 1510 deorum,

291 1544 623 1610 Congcriem
665 1545 840 1594 secuit
879 1553 1198 1611 sectamque
1242 1545 1293 1594 in
1333 1544 1581 1594 membra
1621 1544 1847 1610 redegit,

292 1638 565 1705 Principio
608 1647 823 1696 terram,
869 1655 934 1687 ne
978 1655 1087 1687 non
1130 1638 1372 1704 aequalis
1420 1638 1488 1687 ab
1531 1638 1679 1687 omni

292 1733 447 1782 Parte
489 1731 645 1791 foret,
690 1732 874 1797 magni
917 1732 1160 1798 speciem
1202 1731 1527 1797 glomeravit
1568 1732 1619 1780 in
1661 1731 1825 1782 orbiS.

290 1824 433 1875 Tum
478 1826 613 1876 freta
654 1826 872 1875 diffudit
914 1826 1231 1892 rapidisque
1275 1834 1583 1875 tumescere
1625 1824 1802 1874 ventis

291 1920 455 1969 Iussit
495 1928 549 1969 et
590 1919 827 1968 ambitae
870 1920 1209 1968 circumdare
1253 1919 1410 1969 litora
1450 1927 1641 1969 terrae.

290 2013 527 2063 Addidit
567 2022 620 2063 et
660 2013 836 2063 sontes
879 2021 932 2063 et
972 2022 1166 2078 stagna
1208 2013 1475 2062 immensa
1514 2012 1796 2078 lacusque,

291 2107 656 2173 Fluminaque
700 2107 940 2173 obliquis
982 2107 1154 2156 cinxit
1195 2106 1427 2156 declivia
1467 2106 1614 2172 ripis,

293 2200 467 2266 Quae,
510 2202 724 2250 diversa
766 2201 917 2258 locis,
964 2201 1162 2266 partim
1205 2200 1497 2250 sorbentur
1537 2200 1604 2249 ab
1648 2200 1778 2266 ipsa,

294 2295 353 2344 In
400 2313 547 2345 mare
591 2296 919 2362 perveniunt
962 2295 1178 2361 partim,
1223 2310 1535 2360 campoque
1577 2301 1799 2359 recepta

292 2390 589 2439 Liberioris
633 2406 808 2456 aquae
851 2406 951 2456 pro
998 2389 1127 2454 ripis
1168 2386 1329 2438 litora
1369 2387 1601 2453 pulsant.

293 2525 456 2576 Iussit
497 2533 550 2574 et
591 2524 815 2574 extendi
859 2540 1104 2589 campos,
1149 2521 1431 2571 subsidere
1471 2521 1655 2581 valles,

293 2621 512 2671 Fronde
553 2621 662 2685 tegi
705 2620 882 2678 silvas,
926 2619 1206 2685 lapidosos
1250 2632 1473 2681 surgere
1511 2623 1741 2666 montes,

229 2727 245 2739 ”
293 2717 481 2783 thue
524 2717 663 2766 duae
706 2717 900 2765 dextra
942 2714 1155 2764 caelum
1199 2710 1544 2775 totidemque
1585 2709 1801 2758 sinistra

295 2812 450 2861 Parte
491 2818 680 2860 secant
720 2826 907 2868 zonae,
953 2809 1143 2874 quinta
1186 2815 1267 2856 est
1311 2803 1588 2853 ardentior
1629 2802 1748 2859 illis,

294 2905 385 2956 Sic
427 2922 565 2954 onus
608 2903 878 2953 inclusum
923 2919 1152 2951 numero
1183 2901 1435 2951 distinxit
1473 2898 1672 2948 eodem

295 2999 440 3049 Cura
481 2998 585 3055 dei,
627 2997 972 3062 totidemque
1014 2995 1209 3061 plagae
1251 2995 1444 3045 tellure
1488 2997 1831 3060 premuntur.

296 3093 545 3159 Quarum
588 3108 730 3157 quae
773 3089 955 3139 media
995 3096 1091 3146 est,
1136 3105 1245 3138 non
1287 3096 1368 3139 est
1408 3088 1722 3139 habitabilis
1765 3095 1948 3150 aestu;

293 3188 406 3236 Nix
448 3186 584 3251 tegit
626 3185 732 3234 alta
775 3184 939 3233 duas:
990 3183 1222 3232 totidem
1266 3183 1406 3233 inter
1447 3190 1738 3249 utramque
1781 3182 1951 3233 locavi

295 3279 762 3346 Temperiemquc
804 3277 955 3326 dedit
998 3276 1170 3326 mixta
1212 3292 1338 3325 curn
1380 3275 1581 3342 frigore
1623 3275 1862 3326 flamma.
