1934 3416
164 645 233 671 110

162 1203 229 1243 115

157 2233 228 2274 125

278 189 379 240 126
854 206 902 246 P.
949 203 1230 246 OVIDIUS
1279 203 1456 245 NASO

278 348 395 397 Nec
438 348 637 397 bibulis
681 348 820 399 ultra
863 348 1089 397 Perseus
1130 346 1392 396 talaribus
1433 362 1598 395 ausus

281 440 534 500 Credere,
578 442 873 507 conspexit
910 440 1222 507 scopulum,
1266 439 1359 506 qui
1399 439 1602 489 vertice
1642 455 1861 490 summo

281 534 562 585 Stantibus
605 542 786 584 exstat
827 534 999 600 aquis,
1043 533 1288 600 operitur
1328 532 1396 582 ab
1437 548 1679 598 aequore
1720 539 1890 585 moto,
1927 553 1931 570 r

281 628 458 678 Nixus
500 645 566 677 eo
609 628 870 694 rupisque
912 635 1105 677 tenens
1148 627 1276 692 iuga
1316 625 1494 693 prima
1534 625 1751 676 sinistra

278 722 384 771 Ter
425 732 618 788 quater
658 722 847 788 exegit
888 721 1121 788 repetita
1160 737 1258 788 per
1298 720 1388 770 ilia
1427 718 1651 770 ferrum.

279 908 463 958 Litora
505 926 630 959 cum
673 909 867 976 plausu
911 908 1119 959 clamor
1159 924 1500 975 superasque
1541 907 1773 959 deorum
1927 837 1933 1020 ι

279 1001 588 1069 Implevere
630 1004 844 1053 domos.
927 1002 1201 1062 Gaudent,
1245 1019 1624 1068 generumque
1664 1001 1931 1064 salutant}

277 1095 679 1163 Auxiliumque
721 1098 920 1147 domus
961 1104 1410 1163 servatoremque
1451 1095 1689 1146 fatentur
1928 1082 1929 1085 Ἴ

279 1189 544 1257 Cassiope
587 1190 959 1257 Cepheusque
1000 1199 1170 1257 pater.
1251 1189 1517 1240 Resoluta
1557 1189 1763 1241 catenis
1928 1191 1932 1226 '⁸

278 1284 493 1335 Incedit
532 1285 702 1350 virgO,
747 1286 1097 1352 pretiumque
1139 1292 1193 1336 et
1232 1301 1398 1335 causa
1437 1283 1657 1336 laboris,

275 1471 374 1521 Dis
415 1472 588 1523 tribus
632 1473 718 1523 ille
762 1473 915 1524 focos
958 1474 1189 1525 totidem
1232 1474 1300 1523 de
1342 1472 1585 1539 caespite
1627 1472 1802 1540 ponit,
1928 1542 1930 1546 μ

274 1566 518 1616 Laevum
563 1567 857 1627 Mercurio,
902 1568 1159 1618 dextrum
1202 1567 1316 1627 tibi,
1359 1567 1557 1617 bellica
1595 1567 1781 1633 virgo;
1927 1564 1930 1602 ἱ

277 1659 393 1708 Ara
436 1659 583 1710 Iovis
626 1661 806 1710 media
846 1669 942 1712 est.
1023 1661 1299 1711 Mactatur
1338 1678 1508 1711 vacca
1549 1661 1850 1722 Minervae,
1927 1710 1930 1732 Ι

276 1752 503 1819 Alipedi
544 1754 760 1813 vitulus,
802 1762 988 1804 taurus
1029 1755 1144 1814 tibi,
1187 1771 1402 1805 summe
1443 1755 1692 1806 deorum.

278 1847 527 1897 Protinus
570 1846 972 1898 Andromedan
1014 1856 1067 1899 et
1106 1849 1241 1899 tanti
1284 1849 1530 1916 praemia
1569 1848 1695 1900 facti

276 1940 531 1991 Indotata
572 1942 740 2008 rapit;
790 1943 978 1992 taedas
1022 1942 1382 2008 Hymenaeus
1424 1941 1717 2010 Amorque

277 2034 640 2086 Praecutiunt.
722 2034 913 2102 Largis
954 2037 1220 2087 satiantur
1260 2037 1526 2087 odoribus
1568 2037 1740 2103 igneS,

278 2127 544 2195 Sertaque
586 2130 902 2196 dependent
941 2132 1115 2192 tectis,
1157 2138 1211 2182 et
1251 2131 1457 2198 ubique
1497 2131 1759 2198 lyraeque

275 2221 546 2288 Tibiaque
589 2231 642 2273 et
682 2232 889 2284 cantus,
932 2225 1096 2274 animi
1138 2223 1316 2275 felicia
1356 2225 1481 2276 laeti

272 2314 635 2380 Argumenta,
678 2326 890 2368 sonant.
971 2318 1246 2369 Reseratis
1288 2336 1452 2370 aurea
1491 2319 1661 2370 valvis

270 2407 427 2458 Atria
467 2414 582 2460 tota
623 2419 828 2476 patent,
872 2411 1217 2479 pulchroque
1260 2413 1522 2464 instructa
1563 2420 1755 2480 paratu

272 2501 519 2567 Cepheni
562 2521 818 2569 proceres
861 2505 1049 2556 ineunt
1090 2506 1340 2556 convivia
1379 2507 1540 2573 regis.
